<?xml version="1.0" encoding="UTF-8"?>
<!DOCTYPE html PUBLIC "-//W3C//DTD XHTML 1.0 Transitional//EN"
    "http://www.w3.org/TR/xhtml1/DTD/xhtml1-transitional.dtd">
<html xmlns="http://www.w3.org/1999/xhtml" xml:lang="en" lang="en">
 <head>
  <title>
</title>
<meta http-equiv="Content-Type" content="text/html;charset=utf-8" />
  <meta name='ocr-system' content='tesseract 3.04.00' />
  <meta name='ocr-capabilities' content='ocr_page ocr_carea ocr_par ocr_line ocrx_word'/>
</head>
<body>
  <div class='ocr_page' id='page_1' title='image "./annotationesadt00kreygoog_0115.png"; bbox 0 0 4814 5970; ppageno 0'>
   <div class='ocr_carea' id='block_1_1' title="bbox 479 696 551 766">
    <p class='ocr_par' dir='ltr' id='par_1_1' title="bbox 479 696 551 766">
     <span class='ocr_line' id='line_1_1' title="bbox 479 696 551 766; baseline -0.028 0"><span class='ocrx_word' id='word_1_1' title='bbox 479 696 551 766; x_wconf 87' lang='lat' dir='ltr'><strong>llll</strong></span> 
     </span>
    </p>
   </div>
   <div class='ocr_carea' id='block_1_2' title="bbox 478 850 2100 1045">
    <p class='ocr_par' dir='ltr' id='par_1_2' title="bbox 478 850 2100 1045">
     <span class='ocr_line' id='line_1_2' title="bbox 479 850 2100 944; baseline -0.01 -21"><span class='ocrx_word' id='word_1_2' title='bbox 479 871 567 937; x_wconf 87' lang='lat' dir='ltr'><strong>rent,</strong></span> <span class='ocrx_word' id='word_1_3' title='bbox 590 853 679 944; x_wconf 86' lang='lat' dir='ltr'><strong>quod</strong></span> <span class='ocrx_word' id='word_1_4' title='bbox 703 853 837 940; x_wconf 69' lang='lat' dir='ltr'><strong>uulgato</strong></span> <span class='ocrx_word' id='word_1_5' title='bbox 867 851 1036 916; x_wconf 82' lang='lat' dir='ltr'><strong>substitui.</strong></span> <span class='ocrx_word' id='word_1_6' title='bbox 1062 851 1136 918; x_wconf 86' lang='lat' dir='ltr'><strong>BC.</strong></span> <span class='ocrx_word' id='word_1_7' title='bbox 1165 853 1209 917; x_wconf 94' lang='grc' dir='ltr'><strong>Β.</strong></span> <span class='ocrx_word' id='word_1_8' title='bbox 1265 850 1438 918; x_wconf 83' lang='lat' dir='ltr'><strong>Librarius</strong></span> <span class='ocrx_word' id='word_1_9' title='bbox 1468 851 1554 916; x_wconf 83' lang='lat' dir='ltr'><strong>euim</strong></span> <span class='ocrx_word' id='word_1_10' title='bbox 1585 851 1639 916; x_wconf 93' lang='lat' dir='ltr'><strong>bic</strong></span> <span class='ocrx_word' id='word_1_11' title='bbox 1672 873 1805 940; x_wconf 80' lang='lat' dir='ltr'><strong>quoqne</strong></span> <span class='ocrx_word' id='word_1_12' title='bbox 1832 854 2100 922; x_wconf 64' lang='lat' dir='ltr'><strong>terminationem·</strong></span> 
     </span>
     <span class='ocr_line' id='line_1_3' title="bbox 478 953 1576 1045; baseline -0.011 -18"><span class='ocrx_word' id='word_1_13' title='bbox 478 987 522 1028; x_wconf 88' lang='lat' dir='ltr'><strong>ur</strong></span> <span class='ocrx_word' id='word_1_14' title='bbox 539 974 659 1026; x_wconf 88' lang='lat' dir='ltr'><strong>temere</strong></span> <span class='ocrx_word' id='word_1_15' title='bbox 681 956 811 1023; x_wconf 89' lang='lat' dir='ltr'><strong>adiecit.</strong></span> <span class='ocrx_word' id='word_1_16' title='bbox 857 953 937 1018; x_wconf 84' lang='lat' dir='ltr'><strong>Vid.</strong></span> <span class='ocrx_word' id='word_1_17' title='bbox 962 977 1046 1044; x_wconf 91' lang='lat' dir='ltr'><strong>quae</strong></span> <span class='ocrx_word' id='word_1_18' title='bbox 1070 977 1168 1043; x_wconf 89' lang='lat' dir='ltr'><strong>supra</strong></span> <span class='ocrx_word' id='word_1_19' title='bbox 1192 955 1232 1020; x_wconf 88' lang='lat' dir='ltr'><strong>ad</strong></span> <span class='ocrx_word' id='word_1_20' title='bbox 1257 979 1330 1045; x_wconf 90' lang='lat' dir='ltr'><strong>cap.</strong></span> <span class='ocrx_word' id='word_1_21' title='bbox 1353 957 1385 1020; x_wconf 78' lang='lat'><strong>3.</strong></span> <span class='ocrx_word' id='word_1_22' title='bbox 1409 957 1576 1021; x_wconf 74' lang='lat' dir='ltr'><strong>annotavi.</strong></span> 
     </span>
    </p>
   </div>
   <div class='ocr_carea' id='block_1_3' title="bbox 480 1087 2100 2000">
    <p class='ocr_par' dir='ltr' id='par_1_3' title="bbox 480 1087 2100 2000">
     <span class='ocr_line' id='line_1_4' title="bbox 565 1087 2095 1184; baseline -0.001 -24"><span class='ocrx_word' id='word_1_23' title='bbox 565 1095 648 1184; x_wconf 88' lang='lat' dir='ltr'><strong>Cap.</strong></span> <span class='ocrx_word' id='word_1_24' title='bbox 672 1091 771 1158; x_wconf 85' lang='grc' dir='ltr'><strong>ΧΧΙ.</strong></span> <span class='ocrx_word' id='word_1_25' title='bbox 798 1088 917 1156; x_wconf 87' lang='lat' dir='ltr'><strong>deiude</strong></span> <span class='ocrx_word' id='word_1_26' title='bbox 939 1089 980 1154; x_wconf 88' lang='lat' dir='ltr'><strong>ad</strong></span> <span class='ocrx_word' id='word_1_27' title='bbox 1002 1090 1163 1178; x_wconf 87' lang='lat' dir='ltr'><strong>populum</strong></span> <span class='ocrx_word' id='word_1_28' title='bbox 1186 1087 1303 1180; x_wconf 83' lang='lat' dir='ltr'><strong>latum]</strong></span> <span class='ocrx_word' id='word_1_29' title='bbox 1326 1089 1411 1155; x_wconf 79' lang='lat' dir='ltr'><strong>Cot.</strong></span> <span class='ocrx_word' id='word_1_30' title='bbox 1436 1093 1556 1155; x_wconf 85' lang='lat' dir='ltr'><strong>dcbule</strong></span> <span class='ocrx_word' id='word_1_31' title='bbox 1572 1101 1709 1176; x_wconf 82' lang='lat' dir='ltr'><strong>potrum</strong></span> <span class='ocrx_word' id='word_1_32' title='bbox 1733 1090 1778 1177; x_wconf 74' lang='lat' dir='ltr'><strong>od</strong></span> <span class='ocrx_word' id='word_1_33' title='bbox 1797 1091 1956 1179; x_wconf 81' lang='lat' dir='ltr'><strong>populant</strong></span> <span class='ocrx_word' id='word_1_34' title='bbox 1979 1092 2095 1158; x_wconf 85' lang='lat' dir='ltr'><strong>latam.</strong></span> 
     </span>
     <span class='ocr_line' id='line_1_5' title="bbox 480 1193 2100 1284; baseline -0.005 -16"><span class='ocrx_word' id='word_1_35' title='bbox 480 1202 586 1269; x_wconf 90' lang='lat' dir='ltr'><strong>Nemo</strong></span> <span class='ocrx_word' id='word_1_36' title='bbox 608 1223 674 1265; x_wconf 89' lang='lat' dir='ltr'><strong>oon</strong></span> <span class='ocrx_word' id='word_1_37' title='bbox 698 1197 800 1276; x_wconf 83' lang='lat' dir='ltr'><strong>videt,</strong></span> <span class='ocrx_word' id='word_1_38' title='bbox 816 1197 896 1260; x_wconf 89' lang='lat' dir='ltr'><strong>baec</strong></span> <span class='ocrx_word' id='word_1_39' title='bbox 917 1195 1072 1260; x_wconf 74' lang='lat' dir='ltr'>lacunosa</span> <span class='ocrx_word' id='word_1_40' title='bbox 1096 1219 1169 1260; x_wconf 90' lang='lat' dir='ltr'><strong>esse</strong></span> <span class='ocrx_word' id='word_1_41' title='bbox 1186 1207 1219 1259; x_wconf 93' lang='lat' dir='ltr'><strong>ct</strong></span> <span class='ocrx_word' id='word_1_42' title='bbox 1241 1194 1285 1258; x_wconf 88' lang='lat' dir='ltr'><strong>ita</strong></span> <span class='ocrx_word' id='word_1_43' title='bbox 1308 1193 1512 1282; x_wconf 72' lang='lat' dir='ltr'><strong>supplendae</strong></span> <span class='ocrx_word' id='word_1_44' title='bbox 1537 1195 1656 1259; x_wconf 80' lang='lat' dir='ltr'><strong>deiude</strong></span> <span class='ocrx_word' id='word_1_45' title='bbox 1680 1219 1723 1258; x_wconf 82' lang='lat' dir='ltr'><strong>ex</strong></span> <span class='ocrx_word' id='word_1_46' title='bbox 1743 1197 1945 1261; x_wconf 83' lang='lat' dir='ltr'><strong>anctoritate</strong></span> <span class='ocrx_word' id='word_1_47' title='bbox 1965 1207 2100 1284; x_wconf 76' lang='lat' dir='ltr'><strong>pataram</strong></span> 
     </span>
     <span class='ocr_line' id='line_1_6' title="bbox 482 1295 2095 1392; baseline -0.002 -22"><span class='ocrx_word' id='word_1_48' title='bbox 482 1305 528 1370; x_wconf 85' lang='lat' dir='ltr'><strong>ad</strong></span> <span class='ocrx_word' id='word_1_49' title='bbox 546 1300 706 1392; x_wconf 82' lang='lat' dir='ltr'><strong>populum</strong></span> <span class='ocrx_word' id='word_1_50' title='bbox 727 1299 845 1382; x_wconf 82' lang='lat' dir='ltr'><strong>latum,</strong></span> <span class='ocrx_word' id='word_1_51' title='bbox 869 1309 906 1376; x_wconf 85' lang='lat' dir='ltr'><strong>ut</strong></span> <span class='ocrx_word' id='word_1_52' title='bbox 928 1295 1043 1362; x_wconf 85' lang='lat' dir='ltr'><strong>Livius</strong></span> <span class='ocrx_word' id='word_1_53' title='bbox 1066 1295 1146 1362; x_wconf 89' lang='lat' dir='ltr'><strong>alibi</strong></span> <span class='ocrx_word' id='word_1_54' title='bbox 1167 1297 1326 1385; x_wconf 87' lang='lat' dir='ltr'><strong>loquitur.</strong></span> <span class='ocrx_word' id='word_1_55' title='bbox 1350 1295 1426 1362; x_wconf 78' lang='lat' dir='ltr'><strong>BC.</strong></span> <span class='ocrx_word' id='word_1_56' title='bbox 1450 1299 1494 1362; x_wconf 87' lang='lat' dir='ltr'><strong>B.</strong></span> <span class='ocrx_word' id='word_1_57' title='bbox 1538 1295 1620 1362; x_wconf 85' lang='lat' dir='ltr'><strong>Vid.</strong></span> <span class='ocrx_word' id='word_1_58' title='bbox 1645 1321 1730 1387; x_wconf 84' lang='lat' dir='ltr'><strong>quac</strong></span> <span class='ocrx_word' id='word_1_59' title='bbox 1757 1297 1842 1363; x_wconf 78' lang='lat' dir='ltr'><strong>inira</strong></span> <span class='ocrx_word' id='word_1_60' title='bbox 1873 1301 1914 1363; x_wconf 86' lang='lat' dir='ltr'><strong>ad</strong></span> <span class='ocrx_word' id='word_1_61' title='bbox 1945 1325 2018 1388; x_wconf 89' lang='lat' dir='ltr'><strong>cap.</strong></span> <span class='ocrx_word' id='word_1_62' title='bbox 2042 1299 2095 1365; x_wconf 84' lang='grc'><strong>35.</strong></span> 
     </span>
     <span class='ocr_line' id='line_1_7' title="bbox 481 1387 2098 1494; baseline -0.001 -24"><span class='ocrx_word' id='word_1_63' title='bbox 481 1403 647 1472; x_wconf 82' lang='lat' dir='ltr'><strong>annotavi.</strong></span> <span class='ocrx_word' id='word_1_64' title='bbox 672 1440 714 1450; x_wconf 93' lang='lat'><em>-</em></span> <span class='ocrx_word' id='word_1_65' title='bbox 738 1411 785 1484; x_wconf 88' lang='lat' dir='ltr'><strong>ut,</strong></span> <span class='ocrx_word' id='word_1_66' title='bbox 809 1401 867 1489; x_wconf 87' lang='lat' dir='ltr'><strong>qui</strong></span> <span class='ocrx_word' id='word_1_67' title='bbox 889 1424 956 1464; x_wconf 90' lang='lat' dir='ltr'><strong>uon</strong></span> <span class='ocrx_word' id='word_1_68' title='bbox 976 1399 1120 1490; x_wconf 79' lang='lat' dir='ltr'><strong>professi</strong></span> <span class='ocrx_word' id='word_1_69' title='bbox 1143 1395 1268 1487; x_wconf 82' lang='lat' dir='ltr'><strong>essent]</strong></span> <span class='ocrx_word' id='word_1_70' title='bbox 1293 1397 1377 1462; x_wconf 87' lang='lat' dir='ltr'><strong>Cod.</strong></span> <span class='ocrx_word' id='word_1_71' title='bbox 1402 1408 1478 1464; x_wconf 90' lang='lat' dir='ltr'><strong>ater</strong></span> <span class='ocrx_word' id='word_1_72' title='bbox 1501 1403 1562 1494; x_wconf 79' lang='lat' dir='ltr'><strong>qai</strong></span> <span class='ocrx_word' id='word_1_73' title='bbox 1577 1411 1641 1464; x_wconf 92' lang='lat' dir='ltr'><strong>etc.</strong></span> <span class='ocrx_word' id='word_1_74' title='bbox 1685 1387 1932 1488; x_wconf 53' lang='lat' dir='ltr'><strong>ltaque&#39;laeere</strong></span> <span class='ocrx_word' id='word_1_75' title='bbox 1954 1426 2020 1466; x_wconf 88' lang='lat' dir='ltr'><strong>non</strong></span> <span class='ocrx_word' id='word_1_76' title='bbox 2040 1426 2098 1492; x_wconf 87' lang='lat' dir='ltr'><strong>po·</strong></span> 
     </span>
     <span class='ocr_line' id='line_1_8' title="bbox 481 1501 2095 1598; baseline -0.003 -25"><span class='ocrx_word' id='word_1_77' title='bbox 481 1507 543 1591; x_wconf 90' lang='lat' dir='ltr'><strong>toi,</strong></span> <span class='ocrx_word' id='word_1_78' title='bbox 568 1505 650 1594; x_wconf 87' lang='lat' dir='ltr'><strong>quin</strong></span> <span class='ocrx_word' id='word_1_79' title='bbox 674 1527 714 1568; x_wconf 81' lang='lat' dir='ltr'><strong>cx</strong></span> <span class='ocrx_word' id='word_1_80' title='bbox 733 1513 832 1581; x_wconf 83' lang='lat' dir='ltr'><strong>certa,</strong></span> <span class='ocrx_word' id='word_1_81' title='bbox 855 1501 986 1590; x_wconf 79' lang='lat' dir='ltr'><strong>opinor,</strong></span> <span class='ocrx_word' id='word_1_82' title='bbox 1010 1501 1195 1567; x_wconf 87' lang='lat' dir='ltr'><strong>coniectura</strong></span> <span class='ocrx_word' id='word_1_83' title='bbox 1216 1501 1412 1567; x_wconf 74' lang='lat' dir='ltr'><strong>scriberema</strong></span> <span class='ocrx_word' id='word_1_84' title='bbox 1439 1513 1489 1585; x_wconf 89' lang='lat' dir='ltr'><strong>nt,</strong></span> <span class='ocrx_word' id='word_1_85' title='bbox 1511 1513 1545 1567; x_wconf 86' lang='lat' dir='ltr'><strong>et</strong></span> <span class='ocrx_word' id='word_1_86' title='bbox 1566 1506 1626 1598; x_wconf 85' lang='lat' dir='ltr'><strong>qai</strong></span> <span class='ocrx_word' id='word_1_87' title='bbox 1646 1527 1714 1569; x_wconf 87' lang='lat' dir='ltr'><strong>non</strong></span> <span class='ocrx_word' id='word_1_88' title='bbox 1733 1505 1879 1591; x_wconf 70' lang='lat' dir='ltr'><strong>professi</strong></span> <span class='ocrx_word' id='word_1_89' title='bbox 1900 1515 2012 1570; x_wconf 79' lang='lat' dir='ltr'><strong>reserat</strong></span> <span class='ocrx_word' id='word_1_90' title='bbox 2031 1516 2095 1570; x_wconf 91' lang='lat' dir='ltr'><strong>etc.</strong></span> 
     </span>
     <span class='ocr_line' id='line_1_9' title="bbox 482 1603 2098 1696; baseline -0.007 -15"><span class='ocrx_word' id='word_1_91' title='bbox 482 1613 557 1680; x_wconf 83' lang='lat' dir='ltr'><strong>BG.</strong></span> <span class='ocrx_word' id='word_1_92' title='bbox 579 1614 623 1677; x_wconf 96' lang='grc' dir='ltr'><strong>Β.</strong></span> <span class='ocrx_word' id='word_1_93' title='bbox 669 1603 826 1696; x_wconf 76' lang='lat' dir='ltr'>Sequitur</span> <span class='ocrx_word' id='word_1_94' title='bbox 847 1605 954 1668; x_wconf 74' lang='lat' dir='ltr'><strong>euim:</strong></span> <span class='ocrx_word' id='word_1_95' title='bbox 983 1616 1027 1688; x_wconf 89' lang='lat' dir='ltr'><strong>et,</strong></span> <span class='ocrx_word' id='word_1_96' title='bbox 1051 1609 1110 1696; x_wconf 80' lang='lat' dir='ltr'><strong>pai</strong></span> <span class='ocrx_word' id='word_1_97' title='bbox 1132 1607 1177 1670; x_wconf 77' lang='lat' dir='ltr'><strong>ael</strong></span> <span class='ocrx_word' id='word_1_98' title='bbox 1199 1604 1467 1672; x_wconf 84' lang='lat' dir='ltr'><strong>intercedendum</strong></span> <span class='ocrx_word' id='word_1_99' title='bbox 1489 1607 1668 1686; x_wconf 84' lang='lat' dir='ltr'><strong>venissent,</strong></span> <span class='ocrx_word' id='word_1_100' title='bbox 1692 1605 1901 1672; x_wconf 75' lang='lat' dir='ltr'><strong>‹lesisterent</strong></span> <span class='ocrx_word' id='word_1_101' title='bbox 1922 1643 1962 1656; x_wconf 93' lang='lat'>-</span> <span class='ocrx_word' id='word_1_102' title='bbox 1986 1630 2026 1670; x_wconf 86' lang='lat' dir='ltr'><strong>ex</strong></span> <span class='ocrx_word' id='word_1_103' title='bbox 2047 1630 2098 1671; x_wconf 90' lang='lat' dir='ltr'><strong>ra·</strong></span> 
     </span>
     <span class='ocr_line' id='line_1_10' title="bbox 481 1704 2098 1793; baseline -0.006 -10"><span class='ocrx_word' id='word_1_104' title='bbox 481 1719 570 1782; x_wconf 85' lang='lat' dir='ltr'><strong>tione</strong></span> <span class='ocrx_word' id='word_1_105' title='bbox 594 1708 867 1792; x_wconf 76' lang='lat' dir='ltr'><strong>dissuadentium]</strong></span> <span class='ocrx_word' id='word_1_106' title='bbox 888 1709 991 1772; x_wconf 84' lang='lat' dir='ltr'><strong>Recte</strong></span> <span class='ocrx_word' id='word_1_107' title='bbox 1007 1707 1206 1788; x_wconf 77' lang='lat' dir='ltr'><strong>Gronovius,</strong></span> <span class='ocrx_word' id='word_1_108' title='bbox 1222 1704 1275 1770; x_wconf 90' lang='lat' dir='ltr'><strong>eui</strong></span> <span class='ocrx_word' id='word_1_109' title='bbox 1292 1704 1496 1793; x_wconf 76' lang='lat' dir='ltr'><strong>Doeringius</strong></span> <span class='ocrx_word' id='word_1_110' title='bbox 1519 1717 1640 1770; x_wconf 90' lang='lat' dir='ltr'><strong>temere</strong></span> <span class='ocrx_word' id='word_1_111' title='bbox 1663 1706 1864 1788; x_wconf 74' lang='lat' dir='ltr'><strong>adversatur,</strong></span> <span class='ocrx_word' id='word_1_112' title='bbox 1882 1731 1925 1773; x_wconf 80' lang='lat' dir='ltr'><strong>ex</strong></span> <span class='ocrx_word' id='word_1_113' title='bbox 1946 1710 2098 1774; x_wconf 81' lang='lat' dir='ltr'><strong>oratioue</strong></span> 
     </span>
     <span class='ocr_line' id='line_1_11' title="bbox 480 1807 2098 1907; baseline -0.004 -25"><span class='ocrx_word' id='word_1_114' title='bbox 480 1817 659 1907; x_wconf 79' lang='lat' dir='ltr'><strong>legendum</strong></span> <span class='ocrx_word' id='word_1_115' title='bbox 681 1827 753 1878; x_wconf 85' lang='lat' dir='ltr'><strong>esse</strong></span> <span class='ocrx_word' id='word_1_116' title='bbox 778 1810 931 1876; x_wconf 88' lang='lat' dir='ltr'><strong>coniecit.</strong></span> <span class='ocrx_word' id='word_1_117' title='bbox 950 1810 1025 1877; x_wconf 80' lang='lat' dir='ltr'><strong>BC.</strong></span> <span class='ocrx_word' id='word_1_118' title='bbox 1048 1813 1091 1876; x_wconf 93' lang='grc' dir='ltr'><strong>Β.</strong></span> <span class='ocrx_word' id='word_1_119' title='bbox 1115 1849 1158 1861; x_wconf 85' lang='lat'><em>-</em></span> <span class='ocrx_word' id='word_1_120' title='bbox 1188 1807 1435 1890; x_wconf 86' lang='lat' dir='ltr'><strong>intercedendo,</strong></span> <span class='ocrx_word' id='word_1_121' title='bbox 1467 1809 1528 1842; x_wconf 82' lang='lat'><strong>***</strong></span> <span class='ocrx_word' id='word_1_122' title='bbox 1556 1809 1590 1874; x_wconf 89' lang='lat' dir='ltr'><strong>iu</strong></span> <span class='ocrx_word' id='word_1_123' title='bbox 1619 1807 1794 1874; x_wconf 76' lang='lat' dir='ltr'><strong>adveutum</strong></span> <span class='ocrx_word' id='word_1_124' title='bbox 1824 1810 1910 1896; x_wconf 91' lang='lat' dir='ltr'><strong>im·]</strong></span> <span class='ocrx_word' id='word_1_125' title='bbox 1933 1811 2017 1876; x_wconf 86' lang='lat' dir='ltr'><strong>Cod.</strong></span> <span class='ocrx_word' id='word_1_126' title='bbox 2048 1815 2098 1876; x_wconf 87' lang='lat' dir='ltr'><strong>in·</strong></span> 
     </span>
     <span class='ocr_line' id='line_1_12' title="bbox 481 1905 1721 2000; baseline -0.01 -13"><span class='ocrx_word' id='word_1_127' title='bbox 481 1905 737 1987; x_wconf 65' lang='lat' dir='ltr'><strong>tercedendain</strong></span> <span class='ocrx_word' id='word_1_128' title='bbox 759 1917 940 1979; x_wconf 73' lang='lat' dir='ltr'><strong>artnentum</strong></span> <span class='ocrx_word' id='word_1_129' title='bbox 962 1916 1018 1994; x_wconf 86' lang='lat' dir='ltr'><strong>im,</strong></span> <span class='ocrx_word' id='word_1_130' title='bbox 1043 1913 1169 1998; x_wconf 79' lang='lat' dir='ltr'><strong>syllaba</strong></span> <span class='ocrx_word' id='word_1_131' title='bbox 1189 1915 1232 1977; x_wconf 83' lang='lat' dir='ltr'><strong>im</strong></span> <span class='ocrx_word' id='word_1_132' title='bbox 1256 1911 1290 1974; x_wconf 89' lang='lat' dir='ltr'><strong>ia</strong></span> <span class='ocrx_word' id='word_1_133' title='bbox 1313 1920 1457 1974; x_wconf 83' lang='lat' dir='ltr'><strong>extremo</strong></span> <span class='ocrx_word' id='word_1_134' title='bbox 1480 1933 1576 1976; x_wconf 88' lang='lat' dir='ltr'><strong>versu</strong></span> <span class='ocrx_word' id='word_1_135' title='bbox 1600 1909 1721 2000; x_wconf 87' lang='lat' dir='ltr'><strong>posita.</strong></span> 
     </span>
    </p>
   </div>
   <div class='ocr_carea' id='block_1_4' title="bbox 467 2044 2098 2448">
    <p class='ocr_par' dir='ltr' id='par_1_4' title="bbox 467 2044 2098 2448">
     <span class='ocr_line' id='line_1_13' title="bbox 566 2044 2096 2142; baseline 0 -27"><span class='ocrx_word' id='word_1_136' title='bbox 566 2052 651 2142; x_wconf 83' lang='lat' dir='ltr'><strong>Cap.</strong></span> <span class='ocrx_word' id='word_1_137' title='bbox 673 2047 791 2116; x_wconf 84' lang='lat' dir='ltr'><strong>XXll.</strong></span> <span class='ocrx_word' id='word_1_138' title='bbox 813 2049 872 2080; x_wconf 79' lang='grc'><strong>***</strong></span> <span class='ocrx_word' id='word_1_139' title='bbox 894 2048 1197 2134; x_wconf 73' lang='lat' dir='ltr'><strong>peccaverimusne]</strong></span> <span class='ocrx_word' id='word_1_140' title='bbox 1220 2044 1305 2110; x_wconf 85' lang='lat' dir='ltr'><strong>Cod.</strong></span> <span class='ocrx_word' id='word_1_141' title='bbox 1321 2057 1368 2110; x_wconf 85' lang='lat' dir='ltr'><strong>est</strong></span> <span class='ocrx_word' id='word_1_142' title='bbox 1387 2048 1695 2132; x_wconf 77' lang='lat' dir='ltr'><strong>peccareerirnasne.</strong></span> <span class='ocrx_word' id='word_1_143' title='bbox 1740 2045 1889 2112; x_wconf 82' lang='lat' dir='ltr'><strong>Verbum</strong></span> <span class='ocrx_word' id='word_1_144' title='bbox 1904 2060 1953 2114; x_wconf 85' lang='lat' dir='ltr'><strong>est</strong></span> <span class='ocrx_word' id='word_1_145' title='bbox 1972 2052 2096 2140; x_wconf 83' lang='lat' dir='ltr'><strong>recepi.</strong></span> 
     </span>
     <span class='ocr_line' id='line_1_14' title="bbox 481 2150 2098 2242; baseline -0.001 -20"><span class='ocrx_word' id='word_1_146' title='bbox 481 2158 555 2225; x_wconf 84' lang='lat' dir='ltr'><strong>BG.</strong></span> <span class='ocrx_word' id='word_1_147' title='bbox 578 2159 623 2222; x_wconf 90' lang='grc' dir='ltr'><strong>Β.</strong></span> <span class='ocrx_word' id='word_1_148' title='bbox 651 2189 693 2206; x_wconf 89' lang='lat'><strong>-··</strong></span> <span class='ocrx_word' id='word_1_149' title='bbox 715 2152 917 2234; x_wconf 88' lang='lat' dir='ltr'><strong>deversorio]</strong></span> <span class='ocrx_word' id='word_1_150' title='bbox 940 2150 1025 2216; x_wconf 87' lang='lat' dir='ltr'><strong>Cod.</strong></span> <span class='ocrx_word' id='word_1_151' title='bbox 1048 2153 1250 2235; x_wconf 83' lang='lat' dir='ltr'><strong>diaorsorio,</strong></span> <span class='ocrx_word' id='word_1_152' title='bbox 1272 2151 1374 2217; x_wconf 84' lang='lat' dir='ltr'><strong>Frob.</strong></span> <span class='ocrx_word' id='word_1_153' title='bbox 1400 2152 1430 2216; x_wconf 95' lang='grc'><strong>1.</strong></span> <span class='ocrx_word' id='word_1_154' title='bbox 1448 2155 1643 2234; x_wconf 82' lang='lat' dir='ltr'><strong>diversorio,</strong></span> <span class='ocrx_word' id='word_1_155' title='bbox 1657 2153 1745 2242; x_wconf 82' lang='lat' dir='ltr'><strong>quod</strong></span> <span class='ocrx_word' id='word_1_156' title='bbox 1769 2153 1802 2217; x_wconf 88' lang='lat' dir='ltr'><strong>iu</strong></span> <span class='ocrx_word' id='word_1_157' title='bbox 1825 2177 1966 2218; x_wconf 88' lang='lat' dir='ltr'><strong>errorem</strong></span> <span class='ocrx_word' id='word_1_158' title='bbox 1990 2179 2098 2220; x_wconf 88' lang='lat' dir='ltr'><strong>emen·</strong></span> 
     </span>
     <span class='ocr_line' id='line_1_15' title="bbox 481 2255 2095 2348; baseline -0.005 -17"><span class='ocrx_word' id='word_1_159' title='bbox 481 2263 623 2332; x_wconf 81' lang='lat' dir='ltr'><strong>debilem</strong></span> <span class='ocrx_word' id='word_1_160' title='bbox 644 2261 757 2348; x_wconf 88' lang='lat' dir='ltr'><strong>lapsus</strong></span> <span class='ocrx_word' id='word_1_161' title='bbox 781 2255 919 2322; x_wconf 86' lang='lat' dir='ltr'><strong>editioni</strong></span> <span class='ocrx_word' id='word_1_162' title='bbox 943 2255 1275 2345; x_wconf 70' lang='lat' dir='ltr'><strong>Drakenborcbiauac</strong></span> <span class='ocrx_word' id='word_1_163' title='bbox 1298 2256 1411 2322; x_wconf 87' lang='lat' dir='ltr'><strong>tribui.</strong></span> <span class='ocrx_word' id='word_1_164' title='bbox 1434 2291 1476 2306; x_wconf 88' lang='lat'><em>-</em></span> <span class='ocrx_word' id='word_1_165' title='bbox 1506 2257 1722 2344; x_wconf 79' lang='lat' dir='ltr'><strong>quieveruut]</strong></span> <span class='ocrx_word' id='word_1_166' title='bbox 1754 2257 1837 2321; x_wconf 85' lang='lat' dir='ltr'><strong>Cod.</strong></span> <span class='ocrx_word' id='word_1_167' title='bbox 1862 2262 1921 2346; x_wconf 83' lang='lat' dir='ltr'><strong>qui</strong></span> <span class='ocrx_word' id='word_1_168' title='bbox 1943 2259 2095 2346; x_wconf 70' lang='lat' dir='ltr'><strong>[aenam.</strong></span> 
     </span>
     <span class='ocr_line' id='line_1_16' title="bbox 467 2357 2098 2448; baseline -0.004 -19"><span class='ocrx_word' id='word_1_169' title='bbox 467 2367 626 2436; x_wconf 61' lang='lat' dir='ltr'><strong>librarii</strong></span> <span class='ocrx_word' id='word_1_170' title='bbox 644 2364 799 2428; x_wconf 86' lang='lat' dir='ltr'><strong>mendum</strong></span> <span class='ocrx_word' id='word_1_171' title='bbox 816 2383 856 2424; x_wconf 87' lang='lat' dir='ltr'><strong>ex</strong></span> <span class='ocrx_word' id='word_1_172' title='bbox 872 2359 1039 2424; x_wconf 88' lang='lat' dir='ltr'><strong>literarum</strong></span> <span class='ocrx_word' id='word_1_173' title='bbox 1056 2363 1089 2426; x_wconf 81' lang='grc' dir='ltr'><strong>Β</strong></span> <span class='ocrx_word' id='word_1_174' title='bbox 1106 2372 1138 2424; x_wconf 91' lang='lat' dir='ltr'><strong>et</strong></span> <span class='ocrx_word' id='word_1_175' title='bbox 1152 2363 1186 2424; x_wconf 84' lang='lat' dir='ltr'><em>F</em></span> <span class='ocrx_word' id='word_1_176' title='bbox 1197 2357 1414 2424; x_wconf 80' lang='lat' dir='ltr'><strong>similitudine</strong></span> <span class='ocrx_word' id='word_1_177' title='bbox 1432 2370 1538 2421; x_wconf 90' lang='lat' dir='ltr'><strong>ortum</strong></span> <span class='ocrx_word' id='word_1_178' title='bbox 1562 2381 1635 2422; x_wconf 85' lang='lat' dir='ltr'><strong>esse</strong></span> <span class='ocrx_word' id='word_1_179' title='bbox 1651 2369 1799 2446; x_wconf 86' lang='lat' dir='ltr'><strong>apparet.</strong></span> <span class='ocrx_word' id='word_1_180' title='bbox 1844 2357 1925 2422; x_wconf 85' lang='lat' dir='ltr'><strong>Vid.</strong></span> <span class='ocrx_word' id='word_1_181' title='bbox 1937 2382 2033 2448; x_wconf 69' lang='lat' dir='ltr'><strong>‚quac</strong></span> <span class='ocrx_word' id='word_1_182' title='bbox 2056 2357 2098 2423; x_wconf 91' lang='lat' dir='ltr'><strong>ad</strong></span> 
     </span>
    </p>
   </div>
   <div class='ocr_carea' id='block_1_5' title="bbox 482 2457 2215 2553">
    <p class='ocr_par' dir='ltr' id='par_1_5' title="bbox 482 2457 2215 2553">
     <span class='ocr_line' id='line_1_17' title="bbox 482 2457 2215 2553; baseline -0.011 -12"><span class='ocrx_word' id='word_1_183' title='bbox 482 2473 578 2553; x_wconf 88' lang='lat' dir='ltr'><strong>XLl,</strong></span> <span class='ocrx_word' id='word_1_184' title='bbox 598 2471 631 2536; x_wconf 85' lang='lat'><strong>2.</strong></span> <span class='ocrx_word' id='word_1_185' title='bbox 655 2465 819 2533; x_wconf 84' lang='lat' dir='ltr'><strong>annotavi.</strong></span> <span class='ocrx_word' id='word_1_186' title='bbox 844 2463 962 2530; x_wconf 88' lang='lat' dir='ltr'><strong>-alii</strong></span> <span class='ocrx_word' id='word_1_187' title='bbox 985 2463 1163 2545; x_wconf 83' lang='lat' dir='ltr'><strong>interlecti]</strong></span> <span class='ocrx_word' id='word_1_188' title='bbox 1192 2459 1487 2530; x_wconf 87' lang='lat' dir='ltr'><strong>Weissenboroius</strong></span> <span class='ocrx_word' id='word_1_189' title='bbox 1510 2457 1619 2528; x_wconf 85' lang='lat' dir='ltr'><strong>Lectt.</strong></span> <span class='ocrx_word' id='word_1_190' title='bbox 1641 2458 1715 2523; x_wconf 85' lang='lat' dir='ltr'><strong>Liv.</strong></span> <span class='ocrx_word' id='word_1_191' title='bbox 1737 2459 1828 2523; x_wconf 87' lang='lat' dir='ltr'><strong>Part.</strong></span> <span class='ocrx_word' id='word_1_192' title='bbox 1851 2459 1896 2524; x_wconf 89' lang='lat' dir='ltr'><strong>ll.</strong></span> <span class='ocrx_word' id='word_1_193' title='bbox 1924 2483 1959 2544; x_wconf 89' lang='lat' dir='ltr'><strong>p.</strong></span> <span class='ocrx_word' id='word_1_194' title='bbox 1985 2459 2036 2525; x_wconf 90' lang='grc'><strong>13.</strong></span> <span class='ocrx_word' id='word_1_195' title='bbox 2058 2460 2098 2524; x_wconf 90' lang='lat' dir='ltr'><strong>li·</strong></span> <span class='ocrx_word' id='word_1_196' title='bbox 2207 2503 2215 2513; x_wconf 87' lang='lat'><strong>·</strong></span> 
     </span>
    </p>
   </div>
   <div class='ocr_carea' id='block_1_6' title="bbox 480 2561 2100 3592">
    <p class='ocr_par' dir='ltr' id='par_1_6' title="bbox 480 2561 2100 3592">
     <span class='ocr_line' id='line_1_18' title="bbox 481 2561 2098 2659; baseline -0.015 -11"><span class='ocrx_word' id='word_1_197' title='bbox 481 2579 626 2648; x_wconf 82' lang='lat' dir='ltr'><strong>brorium</strong></span> <span class='ocrx_word' id='word_1_198' title='bbox 647 2573 803 2640; x_wconf 84' lang='lat' dir='ltr'><strong>nonnulla</strong></span> <span class='ocrx_word' id='word_1_199' title='bbox 827 2570 1089 2659; x_wconf 82' lang='lat' dir='ltr'><strong>praetermisisse</strong></span> <span class='ocrx_word' id='word_1_200' title='bbox 1112 2582 1220 2634; x_wconf 76' lang='lat' dir='ltr'><strong>ratusr</strong></span> <span class='ocrx_word' id='word_1_201' title='bbox 1251 2567 1450 2651; x_wconf 84' lang='lat' dir='ltr'><strong>„Quorsum</strong></span> <span class='ocrx_word' id='word_1_202' title='bbox 1474 2561 1575 2644; x_wconf 87' lang='lat' dir='ltr'><strong>cuim,</strong></span> <span class='ocrx_word' id='word_1_203' title='bbox 1598 2561 1720 2650; x_wconf 90' lang='lat' dir='ltr'><strong>inquit,</strong></span> <span class='ocrx_word' id='word_1_204' title='bbox 1744 2562 1884 2626; x_wconf 85' lang='lat' dir='ltr'><strong>inlertur</strong></span> <span class='ocrx_word' id='word_1_205' title='bbox 1907 2563 1988 2626; x_wconf 83' lang='lat' dir='ltr'><strong>alii?</strong></span> <span class='ocrx_word' id='word_1_206' title='bbox 2007 2563 2098 2653; x_wconf 83' lang='lat' dir='ltr'><strong>qrrod</strong></span> 
     </span>
     <span class='ocr_line' id='line_1_19' title="bbox 480 2664 2098 2768; baseline -0.014 -16"><span class='ocrx_word' id='word_1_207' title='bbox 480 2712 524 2752; x_wconf 90' lang='lat' dir='ltr'><strong>ne</strong></span> <span class='ocrx_word' id='word_1_208' title='bbox 546 2709 582 2750; x_wconf 87' lang='lat' dir='ltr'><strong>ea</strong></span> <span class='ocrx_word' id='word_1_209' title='bbox 608 2683 640 2747; x_wconf 88' lang='lat' dir='ltr'><strong>vi</strong></span> <span class='ocrx_word' id='word_1_210' title='bbox 660 2703 756 2768; x_wconf 89' lang='lat' dir='ltr'><strong>quam</strong></span> <span class='ocrx_word' id='word_1_211' title='bbox 779 2675 958 2744; x_wconf 87' lang='lat' dir='ltr'><strong>Walclrius</strong></span> <span class='ocrx_word' id='word_1_212' title='bbox 980 2672 1156 2738; x_wconf 82' lang='lat' dir='ltr'><strong>illustrarit</strong></span> <span class='ocrx_word' id='word_1_213' title='bbox 1179 2695 1213 2761; x_wconf 90' lang='lat' dir='ltr'><strong>p.</strong></span> <span class='ocrx_word' id='word_1_214' title='bbox 1236 2671 1290 2738; x_wconf 78' lang='grc'><strong>58.</strong></span> <span class='ocrx_word' id='word_1_215' title='bbox 1315 2681 1348 2736; x_wconf 90' lang='lat' dir='ltr'><strong>ct</strong></span> <span class='ocrx_word' id='word_1_216' title='bbox 1372 2666 1469 2730; x_wconf 81' lang='lat' dir='ltr'><strong>Fabri</strong></span> <span class='ocrx_word' id='word_1_217' title='bbox 1493 2667 1533 2730; x_wconf 93' lang='lat' dir='ltr'><strong>ad</strong></span> <span class='ocrx_word' id='word_1_218' title='bbox 1556 2665 1656 2749; x_wconf 74' lang='lat' dir='ltr'><strong>xxi,</strong></span> <span class='ocrx_word' id='word_1_219' title='bbox 1679 2666 1734 2749; x_wconf 78' lang='lat' dir='ltr'><strong>ib,</strong></span> <span class='ocrx_word' id='word_1_220' title='bbox 1756 2664 1789 2732; x_wconf 79' lang='grc'><strong>9.</strong></span> <span class='ocrx_word' id='word_1_221' title='bbox 1817 2665 2010 2755; x_wconf 86' lang='lat' dir='ltr'><strong>accipiatur,</strong></span> <span class='ocrx_word' id='word_1_222' title='bbox 2035 2669 2098 2735; x_wconf 87' lang='lat' dir='ltr'><strong>boe</strong></span> 
     </span>
     <span class='ocr_line' id='line_1_20' title="bbox 481 2771 2098 2866; baseline -0.012 -12"><span class='ocrx_word' id='word_1_223' title='bbox 481 2789 610 2853; x_wconf 88' lang='lat' dir='ltr'><strong>videtur</strong></span> <span class='ocrx_word' id='word_1_224' title='bbox 630 2782 773 2860; x_wconf 86' lang='lat' dir='ltr'><strong>obstare,</strong></span> <span class='ocrx_word' id='word_1_225' title='bbox 791 2777 881 2866; x_wconf 72' lang='lat' dir='ltr'><strong>‹prrod</strong></span> <span class='ocrx_word' id='word_1_226' title='bbox 906 2773 1011 2860; x_wconf 70' lang='lat' dir='ltr'><strong>repuli</strong></span> <span class='ocrx_word' id='word_1_227' title='bbox 1034 2786 1132 2861; x_wconf 83' lang='lat' dir='ltr'><strong>atque</strong></span> <span class='ocrx_word' id='word_1_228' title='bbox 1156 2771 1324 2861; x_wconf 89' lang='lat' dir='ltr'><strong>principes</strong></span> <span class='ocrx_word' id='word_1_229' title='bbox 1347 2784 1379 2838; x_wconf 92' lang='lat' dir='ltr'><strong>ct</strong></span> <span class='ocrx_word' id='word_1_230' title='bbox 1402 2771 1467 2860; x_wconf 90' lang='lat' dir='ltr'><strong>ipsi</strong></span> <span class='ocrx_word' id='word_1_231' title='bbox 1491 2773 1573 2838; x_wconf 89' lang='lat' dir='ltr'><strong>socii</strong></span> <span class='ocrx_word' id='word_1_232' title='bbox 1593 2784 1685 2837; x_wconf 88' lang='lat' dir='ltr'><strong>erant</strong></span> <span class='ocrx_word' id='word_1_233' title='bbox 1705 2771 1821 2860; x_wconf 91' lang='lat' dir='ltr'><strong>populi</strong></span> <span class='ocrx_word' id='word_1_234' title='bbox 1837 2771 1991 2838; x_wconf 84' lang='lat' dir='ltr'><strong>Romani.</strong></span> <span class='ocrx_word' id='word_1_235' title='bbox 2022 2773 2098 2841; x_wconf 82' lang='lat' dir='ltr'><strong>Huc</strong></span> 
     </span>
     <span class='ocr_line' id='line_1_21' title="bbox 481 2875 2099 2974; baseline -0.009 -16"><span class='ocrx_word' id='word_1_236' title='bbox 481 2889 622 2970; x_wconf 88' lang='lat' dir='ltr'><strong>accedit,</strong></span> <span class='ocrx_word' id='word_1_237' title='bbox 646 2882 735 2974; x_wconf 88' lang='lat' dir='ltr'><strong>quod</strong></span> <span class='ocrx_word' id='word_1_238' title='bbox 758 2879 900 2944; x_wconf 84' lang='lat' dir='ltr'><strong>Romani</strong></span> <span class='ocrx_word' id='word_1_239' title='bbox 923 2901 981 2942; x_wconf 86' lang='lat' dir='ltr'><strong>eur</strong></span> <span class='ocrx_word' id='word_1_240' title='bbox 1004 2876 1127 2940; x_wconf 89' lang='lat' dir='ltr'><strong>Perseo</strong></span> <span class='ocrx_word' id='word_1_241' title='bbox 1150 2875 1275 2940; x_wconf 90' lang='lat' dir='ltr'><strong>bellum</strong></span> <span class='ocrx_word' id='word_1_242' title='bbox 1298 2876 1470 2942; x_wconf 87' lang='lat' dir='ltr'><strong>intulerint</strong></span> <span class='ocrx_word' id='word_1_243' title='bbox 1493 2899 1559 2939; x_wconf 91' lang='lat' dir='ltr'><strong>nou</strong></span> <span class='ocrx_word' id='word_1_244' title='bbox 1585 2877 1691 2941; x_wconf 92' lang='lat' dir='ltr'><strong>solum</strong></span> <span class='ocrx_word' id='word_1_245' title='bbox 1722 2877 1928 2942; x_wconf 85' lang='lat' dir='ltr'><strong>iatcrl&#39;cetum</strong></span> <span class='ocrx_word' id='word_1_246' title='bbox 1957 2877 2099 2964; x_wconf 88' lang='lat' dir='ltr'><strong>(llbodii</strong></span> 
     </span>
     <span class='ocr_line' id='line_1_22' title="bbox 482 2975 2099 3072; baseline -0.009 -14"><span class='ocrx_word' id='word_1_247' title='bbox 482 2993 570 3058; x_wconf 88' lang='lat' dir='ltr'><strong>cuim</strong></span> <span class='ocrx_word' id='word_1_248' title='bbox 593 2998 714 3072; x_wconf 77' lang='lat' dir='ltr'><strong>augent</strong></span> <span class='ocrx_word' id='word_1_249' title='bbox 735 3008 803 3049; x_wconf 86' lang='lat' dir='ltr'><strong>rem</strong></span> <span class='ocrx_word' id='word_1_250' title='bbox 826 2981 967 3045; x_wconf 88' lang='lat' dir='ltr'><strong>oratoria</strong></span> <span class='ocrx_word' id='word_1_251' title='bbox 988 2977 1273 3068; x_wconf 82' lang='lat' dir='ltr'><strong>amplificatione),</strong></span> <span class='ocrx_word' id='word_1_252' title='bbox 1292 2977 1350 3041; x_wconf 88' lang='lat' dir='ltr'><strong>sed</strong></span> <span class='ocrx_word' id='word_1_253' title='bbox 1373 2976 1469 3041; x_wconf 89' lang='lat' dir='ltr'><strong>etiam</strong></span> <span class='ocrx_word' id='word_1_254' title='bbox 1493 2975 1667 3065; x_wconf 81' lang='lat' dir='ltr'><strong>expulsum</strong></span> <span class='ocrx_word' id='word_1_255' title='bbox 1691 2979 1842 3066; x_wconf 77' lang='lat' dir='ltr'><strong>regulum</strong></span> <span class='ocrx_word' id='word_1_256' title='bbox 1866 3005 1996 3048; x_wconf 88' lang='lat' dir='ltr'><strong>causam</strong></span> <span class='ocrx_word' id='word_1_257' title='bbox 2018 3005 2099 3072; x_wconf 87' lang='lat' dir='ltr'><strong>prae</strong></span> 
     </span>
     <span class='ocr_line' id='line_1_23' title="bbox 482 3073 2096 3179; baseline -0.011 -18"><span class='ocrx_word' id='word_1_258' title='bbox 482 3073 518 3162; x_wconf 77' lang='lat' dir='ltr'><strong>ie</strong></span> <span class='ocrx_word' id='word_1_259' title='bbox 549 3091 707 3160; x_wconf 74' lang='lat' dir='ltr'><strong>terebant.</strong></span> <span class='ocrx_word' id='word_1_260' title='bbox 757 3085 837 3150; x_wconf 87' lang='lat' dir='ltr'><strong>Vid.</strong></span> <span class='ocrx_word' id='word_1_261' title='bbox 861 3083 975 3166; x_wconf 85' lang='lat' dir='ltr'><strong>XLll,</strong></span> <span class='ocrx_word' id='word_1_262' title='bbox 1000 3083 1052 3167; x_wconf 84' lang='lat'><strong>13,</strong></span> <span class='ocrx_word' id='word_1_263' title='bbox 1076 3082 1109 3147; x_wconf 87' lang='grc'><strong>6.</strong></span> <span class='ocrx_word' id='word_1_264' title='bbox 1132 3083 1348 3172; x_wconf 81' lang='lat' dir='ltr'><strong>Abrrrpolim,</strong></span> <span class='ocrx_word' id='word_1_265' title='bbox 1370 3085 1495 3148; x_wconf 85' lang='lat' dir='ltr'><strong>sociam</strong></span> <span class='ocrx_word' id='word_1_266' title='bbox 1526 3093 1625 3174; x_wconf 78' lang='lat' dir='ltr'><strong>utque</strong></span> <span class='ocrx_word' id='word_1_267' title='bbox 1649 3086 1792 3148; x_wconf 71' lang='lat' dir='ltr'><strong>ataricum</strong></span> <span class='ocrx_word' id='word_1_268' title='bbox 1812 3095 1971 3170; x_wconf 86' lang='lat' dir='ltr'><strong>nestrum,</strong></span> <span class='ocrx_word' id='word_1_269' title='bbox 1994 3112 2096 3179; x_wconf 73' lang='lat' dir='ltr'><strong>repno</strong></span> 
     </span>
     <span class='ocr_line' id='line_1_24' title="bbox 483 3183 2098 3287; baseline -0.006 -23"><span class='ocrx_word' id='word_1_270' title='bbox 483 3196 622 3287; x_wconf 74' lang='lat' dir='ltr'><strong>expulit.</strong></span> <span class='ocrx_word' id='word_1_271' title='bbox 668 3189 915 3258; x_wconf 78' lang='lat' dir='ltr'><strong>Arthetaurum</strong></span> <span class='ocrx_word' id='word_1_272' title='bbox 938 3187 1096 3276; x_wconf 78' lang='lat' dir='ltr'><strong>Illyrium</strong></span> <span class='ocrx_word' id='word_1_273' title='bbox 1119 3224 1157 3238; x_wconf 87' lang='lat'><strong>-</strong></span> <span class='ocrx_word' id='word_1_274' title='bbox 1181 3187 1360 3276; x_wconf 71' lang='lat' dir='ltr'><strong>interfecit.</strong></span> <span class='ocrx_word' id='word_1_275' title='bbox 1384 3184 1429 3250; x_wconf 82' lang='lat' dir='ltr'><strong>cl‘.</strong></span> <span class='ocrx_word' id='word_1_276' title='bbox 1454 3184 1500 3248; x_wconf 87' lang='lat' dir='ltr'><strong>ib.</strong></span> <span class='ocrx_word' id='word_1_277' title='bbox 1525 3183 1579 3268; x_wconf 76' lang='lat'><strong>40,</strong></span> <span class='ocrx_word' id='word_1_278' title='bbox 1603 3185 1633 3248; x_wconf 82' lang='lat'><strong>4.</strong></span> <span class='ocrx_word' id='word_1_279' title='bbox 1680 3184 1750 3268; x_wconf 81' lang='lat' dir='ltr'><strong>Qui</strong></span> <span class='ocrx_word' id='word_1_280' title='bbox 1772 3185 1838 3250; x_wconf 83' lang='lat' dir='ltr'><strong>loci</strong></span> <span class='ocrx_word' id='word_1_281' title='bbox 1865 3211 1938 3252; x_wconf 75' lang='lat' dir='ltr'><strong>crura</strong></span> <span class='ocrx_word' id='word_1_282' title='bbox 1967 3189 2020 3254; x_wconf 92' lang='lat' dir='ltr'><strong>bic</strong></span> <span class='ocrx_word' id='word_1_283' title='bbox 2049 3214 2098 3255; x_wconf 88' lang='lat' dir='ltr'><strong>re·</strong></span> 
     </span>
     <span class='ocr_line' id='line_1_25' title="bbox 482 3289 2097 3388; baseline -0.006 -22"><span class='ocrx_word' id='word_1_284' title='bbox 482 3298 676 3388; x_wconf 86' lang='lat' dir='ltr'><strong>spiciaotur,</strong></span> <span class='ocrx_word' id='word_1_285' title='bbox 707 3289 885 3357; x_wconf 87' lang='lat' dir='ltr'><strong>videndum</strong></span> <span class='ocrx_word' id='word_1_286' title='bbox 912 3314 953 3354; x_wconf 88' lang='lat' dir='ltr'><strong>au</strong></span> <span class='ocrx_word' id='word_1_287' title='bbox 982 3290 1167 3378; x_wconf 85' lang='lat' dir='ltr'><strong>expeditior</strong></span> <span class='ocrx_word' id='word_1_288' title='bbox 1194 3290 1350 3355; x_wconf 88' lang='lat' dir='ltr'><strong>reddatur</strong></span> <span class='ocrx_word' id='word_1_289' title='bbox 1377 3289 1552 3369; x_wconf 85' lang='lat' dir='ltr'><strong>sententia,</strong></span> <span class='ocrx_word' id='word_1_290' title='bbox 1583 3289 1612 3352; x_wconf 87' lang='lat' dir='ltr'><strong>si</strong></span> <span class='ocrx_word' id='word_1_291' title='bbox 1642 3289 1788 3376; x_wconf 67' lang='lat' dir='ltr'><strong>legatore</strong></span> <span class='ocrx_word' id='word_1_292' title='bbox 1822 3292 1882 3355; x_wconf 87' lang='lat' dir='ltr'><strong>olii</strong></span> <span class='ocrx_word' id='word_1_293' title='bbox 1912 3297 2008 3358; x_wconf 82' lang='lat' dir='ltr'><strong>eiecti</strong></span> <span class='ocrx_word' id='word_1_294' title='bbox 2027 3295 2097 3380; x_wconf 80' lang='lat' dir='ltr'><strong>(vel</strong></span> 
     </span>
     <span class='ocr_line' id='line_1_26' title="bbox 483 3393 2100 3488; baseline -0.005 -20"><span class='ocrx_word' id='word_1_295' title='bbox 483 3401 644 3488; x_wconf 78' lang='lat' dir='ltr'><strong>expulsi),</strong></span> <span class='ocrx_word' id='word_1_296' title='bbox 666 3397 725 3461; x_wconf 85' lang='lat' dir='ltr'><strong>alii</strong></span> <span class='ocrx_word' id='word_1_297' title='bbox 744 3395 914 3482; x_wconf 74' lang='lat' dir='ltr'><strong>interlecti</strong></span> <span class='ocrx_word' id='word_1_298' title='bbox 935 3397 1083 3484; x_wconf 75' lang='lat' dir='ltr'><strong>reprdi.“</strong></span> <span class='ocrx_word' id='word_1_299' title='bbox 1131 3393 1229 3458; x_wconf 86' lang='lat' dir='ltr'><strong>Haud</strong></span> <span class='ocrx_word' id='word_1_300' title='bbox 1258 3393 1356 3457; x_wconf 89' lang='lat' dir='ltr'><strong>dnbio</strong></span> <span class='ocrx_word' id='word_1_301' title='bbox 1384 3405 1528 3480; x_wconf 83' lang='lat' dir='ltr'><strong>praestat</strong></span> <span class='ocrx_word' id='word_1_302' title='bbox 1557 3393 1616 3456; x_wconf 83' lang='lat' dir='ltr'><strong>olii</strong></span> <span class='ocrx_word' id='word_1_303' title='bbox 1643 3397 1750 3476; x_wconf 80' lang='lat' dir='ltr'><strong>eiecti,</strong></span> <span class='ocrx_word' id='word_1_304' title='bbox 1775 3395 1878 3484; x_wconf 86' lang='lat' dir='ltr'><strong>quod,</strong></span> <span class='ocrx_word' id='word_1_305' title='bbox 1908 3421 2008 3486; x_wconf 90' lang='lat' dir='ltr'><strong>quum</strong></span> <span class='ocrx_word' id='word_1_306' title='bbox 2039 3401 2100 3468; x_wconf 83' lang='lat' dir='ltr'><strong>alii</strong></span> 
     </span>
     <span class='ocr_line' id='line_1_27' title="bbox 481 3494 1465 3592; baseline -0.02 -20"><span class='ocrx_word' id='word_1_307' title='bbox 481 3502 652 3592; x_wconf 70' lang='lat' dir='ltr'><strong>interfecti</strong></span> <span class='ocrx_word' id='word_1_308' title='bbox 673 3510 843 3588; x_wconf 86' lang='lat' dir='ltr'><strong>sequatur,</strong></span> <span class='ocrx_word' id='word_1_309' title='bbox 866 3522 883 3560; x_wconf 89' lang='lat' dir='ltr'><strong>a</strong></span> <span class='ocrx_word' id='word_1_310' title='bbox 907 3495 1040 3562; x_wconf 88' lang='lat' dir='ltr'><strong>librario</strong></span> <span class='ocrx_word' id='word_1_311' title='bbox 1063 3494 1192 3562; x_wconf 86' lang='lat' dir='ltr'><strong>facilius</strong></span> <span class='ocrx_word' id='word_1_312' title='bbox 1215 3495 1323 3582; x_wconf 88' lang='lat' dir='ltr'><strong>potuit</strong></span> <span class='ocrx_word' id='word_1_313' title='bbox 1347 3494 1465 3560; x_wconf 86' lang='lat' dir='ltr'><strong>omitti.</strong></span> 
     </span>
    </p>
   </div>
   <div class='ocr_carea' id='block_1_7' title="bbox 482 3647 2101 4572">
    <p class='ocr_par' dir='ltr' id='par_1_7' title="bbox 482 3647 2101 4572">
     <span class='ocr_line' id='line_1_28' title="bbox 570 3647 2099 3749; baseline 0 -32"><span class='ocrx_word' id='word_1_314' title='bbox 570 3655 655 3743; x_wconf 91' lang='lat' dir='ltr'><strong>Cap.</strong></span> <span class='ocrx_word' id='word_1_315' title='bbox 680 3651 813 3717; x_wconf 81' lang='lat' dir='ltr'><strong>xxm.</strong></span> <span class='ocrx_word' id='word_1_316' title='bbox 839 3675 922 3738; x_wconf 89' lang='lat' dir='ltr'><strong>quae</strong></span> <span class='ocrx_word' id='word_1_317' title='bbox 946 3661 1054 3714; x_wconf 87' lang='lat' dir='ltr'><strong>vestra</strong></span> <span class='ocrx_word' id='word_1_318' title='bbox 1077 3671 1164 3716; x_wconf 85' lang='lat' dir='ltr'><strong>nrrne</strong></span> <span class='ocrx_word' id='word_1_319' title='bbox 1188 3661 1238 3714; x_wconf 88' lang='lat' dir='ltr'><strong>est</strong></span> <span class='ocrx_word' id='word_1_320' title='bbox 1263 3650 1391 3714; x_wconf 88' lang='lat' dir='ltr'><strong>lortuua</strong></span> <span class='ocrx_word' id='word_1_321' title='bbox 1415 3650 1511 3714; x_wconf 90' lang='lat' dir='ltr'><strong>deum</strong></span> <span class='ocrx_word' id='word_1_322' title='bbox 1536 3647 1754 3740; x_wconf 57' lang='lat' dir='ltr'><strong>benignitate]</strong></span> <span class='ocrx_word' id='word_1_323' title='bbox 1778 3652 1861 3718; x_wconf 90' lang='lat' dir='ltr'><strong>Cod.</strong></span> <span class='ocrx_word' id='word_1_324' title='bbox 1885 3679 1953 3749; x_wconf 79' lang='lat' dir='ltr'><strong>qna</strong></span> <span class='ocrx_word' id='word_1_325' title='bbox 1983 3675 2099 3730; x_wconf 63' lang='lat' dir='ltr'><strong>atesim</strong></span> 
     </span>
     <span class='ocr_line' id='line_1_29' title="bbox 483 3751 2099 3850; baseline -0.001 -20"><span class='ocrx_word' id='word_1_326' title='bbox 483 3787 572 3830; x_wconf 77' lang='lat' dir='ltr'><strong>nureo</strong></span> <span class='ocrx_word' id='word_1_327' title='bbox 594 3771 646 3827; x_wconf 82' lang='lat' dir='ltr'><strong>est</strong></span> <span class='ocrx_word' id='word_1_328' title='bbox 666 3759 780 3844; x_wconf 79' lang='lat' dir='ltr'><strong>sorum</strong></span> <span class='ocrx_word' id='word_1_329' title='bbox 803 3755 849 3820; x_wconf 84' lang='lat' dir='ltr'><strong>ad</strong></span> <span class='ocrx_word' id='word_1_330' title='bbox 870 3777 944 3818; x_wconf 91' lang='lat' dir='ltr'><strong>eum</strong></span> <span class='ocrx_word' id='word_1_331' title='bbox 965 3755 1028 3818; x_wconf 72' lang='lat' dir='ltr'><strong>deri</strong></span> <span class='ocrx_word' id='word_1_332' title='bbox 1049 3753 1264 3844; x_wconf 77' lang='lat' dir='ltr'><strong>benipnitate.</strong></span> <span class='ocrx_word' id='word_1_333' title='bbox 1310 3751 1502 3842; x_wconf 79' lang='lat' dir='ltr'><strong>liopitarius</strong></span> <span class='ocrx_word' id='word_1_334' title='bbox 1527 3754 1559 3817; x_wconf 89' lang='lat' dir='ltr'><strong>iu</strong></span> <span class='ocrx_word' id='word_1_335' title='bbox 1581 3753 1707 3817; x_wconf 84' lang='lat' dir='ltr'><strong>codicis</strong></span> <span class='ocrx_word' id='word_1_336' title='bbox 1730 3754 1906 3823; x_wconf 85' lang='lat' dir='ltr'><strong>collatione</strong></span> <span class='ocrx_word' id='word_1_337' title='bbox 1926 3785 2099 3850; x_wconf 84' lang='lat' dir='ltr'><strong>perperam</strong></span> 
     </span>
     <span class='ocr_line' id='line_1_30' title="bbox 482 3855 2097 3956; baseline -0.006 -23"><span class='ocrx_word' id='word_1_338' title='bbox 482 3867 621 3956; x_wconf 77' lang='lat' dir='ltr'><strong>[ortana</strong></span> <span class='ocrx_word' id='word_1_339' title='bbox 646 3863 743 3926; x_wconf 85' lang='lat' dir='ltr'><strong>deam</strong></span> <span class='ocrx_word' id='word_1_340' title='bbox 766 3861 830 3922; x_wconf 76' lang='lat' dir='ltr'><strong>teu</strong></span> <span class='ocrx_word' id='word_1_341' title='bbox 853 3855 1040 3944; x_wconf 88' lang='lat' dir='ltr'><strong>scripserat.</strong></span> <span class='ocrx_word' id='word_1_342' title='bbox 1087 3855 1258 3942; x_wconf 72' lang='lat' dir='ltr'><strong>Grynaeus</strong></span> <span class='ocrx_word' id='word_1_343' title='bbox 1280 3856 1367 3921; x_wconf 89' lang='lat' dir='ltr'><strong>bunc</strong></span> <span class='ocrx_word' id='word_1_344' title='bbox 1389 3857 1498 3921; x_wconf 88' lang='lat' dir='ltr'><strong>locam</strong></span> <span class='ocrx_word' id='word_1_345' title='bbox 1522 3856 1646 3944; x_wconf 88' lang='lat' dir='ltr'><strong>optimc</strong></span> <span class='ocrx_word' id='word_1_346' title='bbox 1665 3857 1822 3923; x_wconf 90' lang='lat' dir='ltr'><strong>restituit.</strong></span> <span class='ocrx_word' id='word_1_347' title='bbox 1846 3899 1890 3912; x_wconf 81' lang='lat'><em>-</em></span> <span class='ocrx_word' id='word_1_348' title='bbox 1919 3878 1956 3928; x_wconf 88' lang='lat' dir='ltr'><strong>at</strong></span> <span class='ocrx_word' id='word_1_349' title='bbox 1984 3889 2026 3932; x_wconf 64' lang='lat' dir='ltr'><strong>ns</strong></span> <span class='ocrx_word' id='word_1_350' title='bbox 2056 3871 2097 3936; x_wconf 61' lang='lat' dir='ltr'><strong>ab</strong></span> 
     </span>
     <span class='ocr_line' id='line_1_31' title="bbox 483 3960 2098 4059; baseline -0.001 -25"><span class='ocrx_word' id='word_1_351' title='bbox 483 3986 621 4059; x_wconf 86' lang='lat' dir='ltr'><strong>utraque</strong></span> <span class='ocrx_word' id='word_1_352' title='bbox 645 3976 736 4055; x_wconf 86' lang='lat' dir='ltr'><strong>parte</strong></span> <span class='ocrx_word' id='word_1_353' title='bbox 758 3961 895 4049; x_wconf 76' lang='lat' dir='ltr'><strong>gratiam</strong></span> <span class='ocrx_word' id='word_1_354' title='bbox 919 3961 1091 4044; x_wconf 86' lang='lat' dir='ltr'><strong>iniremus]</strong></span> <span class='ocrx_word' id='word_1_355' title='bbox 1117 3960 1285 4024; x_wconf 82' lang='lat' dir='ltr'><strong>Bcklrerus</strong></span> <span class='ocrx_word' id='word_1_356' title='bbox 1310 3983 1402 4026; x_wconf 88' lang='lat' dir='ltr'><strong>suam</strong></span> <span class='ocrx_word' id='word_1_357' title='bbox 1425 3960 1647 4026; x_wconf 85' lang='lat' dir='ltr'><strong>coniecturam</strong></span> <span class='ocrx_word' id='word_1_358' title='bbox 1676 3974 1810 4028; x_wconf 87' lang='lat' dir='ltr'><strong>secutas</strong></span> <span class='ocrx_word' id='word_1_359' title='bbox 1840 3964 1963 4030; x_wconf 81' lang='lat' dir='ltr'><strong>ediditr</strong></span> <span class='ocrx_word' id='word_1_360' title='bbox 1993 3981 2030 4034; x_wconf 87' lang='lat' dir='ltr'><strong>at</strong></span> <span class='ocrx_word' id='word_1_361' title='bbox 2055 3997 2098 4040; x_wconf 71' lang='lat' dir='ltr'><strong>ne</strong></span> 
     </span>
     <span class='ocr_line' id='line_1_32' title="bbox 485 4064 2099 4164; baseline 0 -23"><span class='ocrx_word' id='word_1_362' title='bbox 485 4077 527 4142; x_wconf 90' lang='lat' dir='ltr'><strong>ab</strong></span> <span class='ocrx_word' id='word_1_363' title='bbox 550 4087 628 4140; x_wconf 86' lang='lat' dir='ltr'><strong>atra</strong></span> <span class='ocrx_word' id='word_1_364' title='bbox 653 4071 787 4164; x_wconf 77' lang='lat' dir='ltr'><strong>quidem</strong></span> <span class='ocrx_word' id='word_1_365' title='bbox 807 4077 907 4152; x_wconf 85' lang='lat' dir='ltr'><strong>parte</strong></span> <span class='ocrx_word' id='word_1_366' title='bbox 927 4068 1072 4153; x_wconf 82' lang='lat' dir='ltr'><strong>pretium</strong></span> <span class='ocrx_word' id='word_1_367' title='bbox 1093 4065 1262 4130; x_wconf 81' lang='lat' dir='ltr'><strong>iniremus.</strong></span> <span class='ocrx_word' id='word_1_368' title='bbox 1308 4064 1422 4131; x_wconf 84' lang='lat' dir='ltr'><strong>blalim</strong></span> <span class='ocrx_word' id='word_1_369' title='bbox 1445 4076 1550 4129; x_wconf 91' lang='lat' dir='ltr'><strong>totam</strong></span> <span class='ocrx_word' id='word_1_370' title='bbox 1571 4067 1678 4130; x_wconf 87' lang='lat' dir='ltr'><strong>locum</strong></span> <span class='ocrx_word' id='word_1_371' title='bbox 1702 4067 1845 4132; x_wconf 86' lang='lat' dir='ltr'><strong>scribere</strong></span> <span class='ocrx_word' id='word_1_372' title='bbox 1865 4069 1953 4135; x_wconf 90' lang='lat' dir='ltr'><strong>bone</strong></span> <span class='ocrx_word' id='word_1_373' title='bbox 1975 4071 2008 4138; x_wconf 91' lang='lat' dir='ltr'><strong>ia</strong></span> <span class='ocrx_word' id='word_1_374' title='bbox 2032 4101 2099 4144; x_wconf 89' lang='lat' dir='ltr'><strong>mo·</strong></span> 
     </span>
     <span class='ocr_line' id='line_1_33' title="bbox 485 4168 2101 4258; baseline 0.002 -16"><span class='ocrx_word' id='word_1_375' title='bbox 485 4179 582 4242; x_wconf 81' lang='lat' dir='ltr'><strong>dum:</strong></span> <span class='ocrx_word' id='word_1_376' title='bbox 606 4187 644 4240; x_wconf 90' lang='lat' dir='ltr'><strong>ut</strong></span> <span class='ocrx_word' id='word_1_377' title='bbox 666 4198 707 4238; x_wconf 88' lang='lat' dir='ltr'><strong>ne</strong></span> <span class='ocrx_word' id='word_1_378' title='bbox 728 4172 770 4236; x_wconf 90' lang='lat' dir='ltr'><strong>ab</strong></span> <span class='ocrx_word' id='word_1_379' title='bbox 793 4171 899 4235; x_wconf 88' lang='lat' dir='ltr'><strong>altera</strong></span> <span class='ocrx_word' id='word_1_380' title='bbox 924 4168 1057 4258; x_wconf 77' lang='lat' dir='ltr'><strong>quidem</strong></span> <span class='ocrx_word' id='word_1_381' title='bbox 1076 4179 1175 4254; x_wconf 85' lang='lat' dir='ltr'><strong>purte</strong></span> <span class='ocrx_word' id='word_1_382' title='bbox 1194 4173 1340 4258; x_wconf 81' lang='lat' dir='ltr'><strong>prolium</strong></span> <span class='ocrx_word' id='word_1_383' title='bbox 1361 4173 1539 4250; x_wconf 82' lang='lat' dir='ltr'><strong>iniremus,</strong></span> <span class='ocrx_word' id='word_1_384' title='bbox 1570 4173 1612 4234; x_wconf 85' lang='lat' dir='ltr'><strong>ab</strong></span> <span class='ocrx_word' id='word_1_385' title='bbox 1641 4169 1752 4234; x_wconf 85' lang='lat' dir='ltr'><strong>altera</strong></span> <span class='ocrx_word' id='word_1_386' title='bbox 1783 4173 1884 4236; x_wconf 85' lang='lat' dir='ltr'><strong>etiam</strong></span> <span class='ocrx_word' id='word_1_387' title='bbox 1912 4177 2037 4242; x_wconf 83' lang='lat' dir='ltr'><strong>crimen</strong></span> <span class='ocrx_word' id='word_1_388' title='bbox 2066 4191 2101 4246; x_wconf 87' lang='lat' dir='ltr'><strong>et</strong></span> 
     </span>
     <span class='ocr_line' id='line_1_34' title="bbox 483 4270 2099 4368; baseline 0.002 -24"><span class='ocrx_word' id='word_1_389' title='bbox 483 4278 671 4368; x_wconf 84' lang='lat' dir='ltr'><strong>periculum</strong></span> <span class='ocrx_word' id='word_1_390' title='bbox 690 4287 785 4340; x_wconf 87' lang='lat' dir='ltr'><strong>esset.</strong></span> <span class='ocrx_word' id='word_1_391' title='bbox 811 4311 846 4322; x_wconf 94' lang='lat'>-</span> <span class='ocrx_word' id='word_1_392' title='bbox 870 4272 1055 4354; x_wconf 85' lang='lat' dir='ltr'><strong>navalibus,</strong></span> <span class='ocrx_word' id='word_1_393' title='bbox 1078 4270 1191 4355; x_wconf 87' lang='lat' dir='ltr'><strong>armis]</strong></span> <span class='ocrx_word' id='word_1_394' title='bbox 1215 4272 1319 4336; x_wconf 85' lang='lat' dir='ltr'><strong>lmrno</strong></span> <span class='ocrx_word' id='word_1_395' title='bbox 1340 4271 1494 4351; x_wconf 75' lang='lat' dir='ltr'><strong>navidem,</strong></span> <span class='ocrx_word' id='word_1_396' title='bbox 1519 4271 1610 4358; x_wconf 91' lang='lat' dir='ltr'><strong>quod</strong></span> <span class='ocrx_word' id='word_1_397' title='bbox 1633 4270 1821 4336; x_wconf 81' lang='lat' dir='ltr'><strong>Gronovius</strong></span> <span class='ocrx_word' id='word_1_398' title='bbox 1843 4276 1947 4342; x_wconf 85' lang='lat' dir='ltr'><strong>suasit</strong></span> <span class='ocrx_word' id='word_1_399' title='bbox 1969 4289 2002 4344; x_wconf 87' lang='lat' dir='ltr'><strong>et</strong></span> <span class='ocrx_word' id='word_1_400' title='bbox 2017 4280 2099 4349; x_wconf 82' lang='lat' dir='ltr'><strong>Beb-</strong></span> 
     </span>
     <span class='ocr_line' id='line_1_35' title="bbox 485 4373 2100 4464; baseline 0.001 -18"><span class='ocrx_word' id='word_1_401' title='bbox 485 4385 582 4446; x_wconf 78' lang='lat' dir='ltr'><strong>beros</strong></span> <span class='ocrx_word' id='word_1_402' title='bbox 604 4377 740 4464; x_wconf 87' lang='lat' dir='ltr'><strong>recepit.</strong></span> <span class='ocrx_word' id='word_1_403' title='bbox 786 4375 935 4440; x_wconf 86' lang='lat' dir='ltr'><strong>Librario</strong></span> <span class='ocrx_word' id='word_1_404' title='bbox 960 4374 1045 4440; x_wconf 89' lang='lat' dir='ltr'><strong>enim</strong></span> <span class='ocrx_word' id='word_1_405' title='bbox 1066 4376 1239 4440; x_wconf 81' lang='lat' dir='ltr'><strong>verborum</strong></span> <span class='ocrx_word' id='word_1_406' title='bbox 1263 4400 1306 4438; x_wconf 82' lang='lat' dir='ltr'><strong>arr</strong></span> <span class='ocrx_word' id='word_1_407' title='bbox 1329 4378 1519 4457; x_wconf 79' lang='lat' dir='ltr'><strong>rrooab‘bus,</strong></span> <span class='ocrx_word' id='word_1_408' title='bbox 1542 4397 1626 4462; x_wconf 86' lang='lat' dir='ltr'><strong>quae</strong></span> <span class='ocrx_word' id='word_1_409' title='bbox 1646 4397 1746 4462; x_wconf 88' lang='lat' dir='ltr'><strong>supra</strong></span> <span class='ocrx_word' id='word_1_410' title='bbox 1767 4373 1934 4461; x_wconf 78' lang='lat' dir='ltr'><strong>leguntur,</strong></span> <span class='ocrx_word' id='word_1_411' title='bbox 1962 4384 2100 4448; x_wconf 85' lang='lat' dir='ltr'><strong>memori</strong></span> 
     </span>
     <span class='ocr_line' id='line_1_36' title="bbox 485 4478 2099 4572; baseline 0.001 -24"><span class='ocrx_word' id='word_1_412' title='bbox 485 4486 547 4549; x_wconf 89' lang='lat' dir='ltr'><strong>boc</strong></span> <span class='ocrx_word' id='word_1_413' title='bbox 571 4481 678 4570; x_wconf 88' lang='lat' dir='ltr'><strong>ipsum</strong></span> <span class='ocrx_word' id='word_1_414' title='bbox 700 4479 893 4545; x_wconf 85' lang='lat' dir='ltr'><strong>vocabulum</strong></span> <span class='ocrx_word' id='word_1_415' title='bbox 917 4478 971 4572; x_wconf 88' lang='lat' dir='ltr'><strong>bic</strong></span> <span class='ocrx_word' id='word_1_416' title='bbox 994 4501 1128 4567; x_wconf 81' lang='lat' dir='ltr'><strong>quoquc</strong></span> <span class='ocrx_word' id='word_1_417' title='bbox 1149 4479 1393 4544; x_wconf 84' lang='lat' dir='ltr'><strong>obversabatur.</strong></span> <span class='ocrx_word' id='word_1_418' title='bbox 1418 4517 1455 4528; x_wconf 86' lang='lat'><strong>-</strong></span> <span class='ocrx_word' id='word_1_419' title='bbox 1488 4481 1547 4545; x_wconf 88' lang='lat' dir='ltr'><strong>sed</strong></span> <span class='ocrx_word' id='word_1_420' title='bbox 1575 4503 1593 4544; x_wconf 90' lang='lat' dir='ltr'><strong>a</strong></span> <span class='ocrx_word' id='word_1_421' title='bbox 1624 4478 1718 4543; x_wconf 80' lang='lat' dir='ltr'><strong>vobia</strong></span> <span class='ocrx_word' id='word_1_422' title='bbox 1748 4480 1906 4563; x_wconf 85' lang='lat' dir='ltr'><strong>prohibiti</strong></span> <span class='ocrx_word' id='word_1_423' title='bbox 1933 4495 2099 4569; x_wconf 76' lang='lat' dir='ltr'><strong>praestare</strong></span> 
     </span>
    </p>
   </div>
   <div class='ocr_carea' id='block_1_8' title="bbox 487 4582 2237 4688">
    <p class='ocr_par' dir='ltr' id='par_1_8' title="bbox 487 4582 2237 4688">
     <span class='ocr_line' id='line_1_37' title="bbox 487 4582 2237 4688; baseline 0.001 -35"><span class='ocrx_word' id='word_1_424' title='bbox 487 4589 625 4662; x_wconf 79' lang='lat' dir='ltr'><strong>luimus]</strong></span> <span class='ocrx_word' id='word_1_425' title='bbox 648 4582 836 4648; x_wconf 81' lang='lat' dir='ltr'><strong>Probabilis</strong></span> <span class='ocrx_word' id='word_1_426' title='bbox 860 4582 1033 4646; x_wconf 88' lang='lat' dir='ltr'><strong>admodum</strong></span> <span class='ocrx_word' id='word_1_427' title='bbox 1057 4593 1107 4645; x_wconf 86' lang='lat' dir='ltr'><strong>est</strong></span> <span class='ocrx_word' id='word_1_428' title='bbox 1126 4583 1315 4650; x_wconf 88' lang='lat' dir='ltr'><strong>coniectura</strong></span> <span class='ocrx_word' id='word_1_429' title='bbox 1339 4607 1356 4648; x_wconf 87' lang='lat' dir='ltr'><strong>a</strong></span> <span class='ocrx_word' id='word_1_430' title='bbox 1379 4583 1548 4672; x_wconf 79' lang='lat' dir='ltr'><strong>Madvigio</strong></span> <span class='ocrx_word' id='word_1_431' title='bbox 1567 4585 1658 4673; x_wconf 83' lang='lat' dir='ltr'><strong>(lpp.</strong></span> <span class='ocrx_word' id='word_1_432' title='bbox 1675 4585 1782 4649; x_wconf 82' lang='lat' dir='ltr'><strong>Acad.</strong></span> <span class='ocrx_word' id='word_1_433' title='bbox 1800 4585 1893 4652; x_wconf 83' lang='lat' dir='ltr'><strong>Part.</strong></span> <span class='ocrx_word' id='word_1_434' title='bbox 1908 4585 1955 4652; x_wconf 88' lang='grc'><strong>11.</strong></span> <span class='ocrx_word' id='word_1_435' title='bbox 1971 4608 2005 4673; x_wconf 85' lang='lat' dir='ltr'><strong>p.</strong></span> <span class='ocrx_word' id='word_1_436' title='bbox 2021 4585 2110 4682; x_wconf 79' lang='grc' dir='ltr'><strong>221.Ι</strong></span> <span class='ocrx_word' id='word_1_437' title='bbox 2224 4667 2237 4688; x_wconf 55' lang='lat'><strong>·</strong></span> 
     </span>
    </p>
   </div>
   <div class='ocr_carea' id='block_1_9' title="bbox 487 4685 2099 4878">
    <p class='ocr_par' dir='ltr' id='par_1_9' title="bbox 487 4685 2099 4878">
     <span class='ocr_line' id='line_1_38' title="bbox 487 4685 2099 4776; baseline -0.006 -14"><span class='ocrx_word' id='word_1_438' title='bbox 487 4693 528 4757; x_wconf 83' lang='lat' dir='ltr'><strong>de</strong></span> <span class='ocrx_word' id='word_1_439' title='bbox 553 4693 613 4754; x_wconf 84' lang='lat' dir='ltr'><strong>boe</strong></span> <span class='ocrx_word' id='word_1_440' title='bbox 637 4688 711 4752; x_wconf 84' lang='lat' dir='ltr'><strong>loco</strong></span> <span class='ocrx_word' id='word_1_441' title='bbox 735 4687 917 4774; x_wconf 86' lang='lat' dir='ltr'><strong>proposita,</strong></span> <span class='ocrx_word' id='word_1_442' title='bbox 947 4686 1051 4769; x_wconf 91' lang='lat' dir='ltr'><strong>„ubi,</strong></span> <span class='ocrx_word' id='word_1_443' title='bbox 1077 4699 1112 4749; x_wconf 94' lang='lat' dir='ltr'><strong>ut</strong></span> <span class='ocrx_word' id='word_1_444' title='bbox 1134 4685 1205 4774; x_wconf 86' lang='lat' dir='ltr'><strong>ipsa</strong></span> <span class='ocrx_word' id='word_1_445' title='bbox 1226 4691 1296 4752; x_wconf 87' lang='lat' dir='ltr'><strong>cius</strong></span> <span class='ocrx_word' id='word_1_446' title='bbox 1321 4689 1419 4764; x_wconf 74' lang='lat' dir='ltr'><strong>verba</strong></span> <span class='ocrx_word' id='word_1_447' title='bbox 1443 4709 1619 4776; x_wconf 83' lang='lat' dir='ltr'><strong>apponam,</strong></span> <span class='ocrx_word' id='word_1_448' title='bbox 1643 4709 1708 4752; x_wconf 90' lang='lat' dir='ltr'><strong>uon</strong></span> <span class='ocrx_word' id='word_1_449' title='bbox 1731 4711 1845 4754; x_wconf 81' lang='lat' dir='ltr'><strong>sumas</strong></span> <span class='ocrx_word' id='word_1_450' title='bbox 1858 4688 2099 4758; x_wconf 81' lang='lat' dir='ltr'><strong>restituendum</strong></span> 
     </span>
     <span class='ocr_line' id='line_1_39' title="bbox 487 4789 2097 4878; baseline -0.019 -16"><span class='ocrx_word' id='word_1_451' title='bbox 487 4809 549 4877; x_wconf 87' lang='lat' dir='ltr'><strong>est,</strong></span> <span class='ocrx_word' id='word_1_452' title='bbox 573 4791 733 4878; x_wconf 81' lang='lat' dir='ltr'><strong>(manebit</strong></span> <span class='ocrx_word' id='word_1_453' title='bbox 757 4791 857 4874; x_wconf 90' lang='lat' dir='ltr'><strong>euim,</strong></span> <span class='ocrx_word' id='word_1_454' title='bbox 882 4814 945 4878; x_wconf 89' lang='lat' dir='ltr'><strong>qua</strong></span> <span class='ocrx_word' id='word_1_455' title='bbox 970 4815 1034 4854; x_wconf 87' lang='lat' dir='ltr'><strong>nou</strong></span> <span class='ocrx_word' id='word_1_456' title='bbox 1059 4791 1166 4854; x_wconf 85' lang='lat' dir='ltr'><strong>minus</strong></span> <span class='ocrx_word' id='word_1_457' title='bbox 1190 4791 1342 4854; x_wconf 86' lang='lat' dir='ltr'><strong>mendum</strong></span> <span class='ocrx_word' id='word_1_458' title='bbox 1367 4789 1528 4878; x_wconf 69' lang='lat' dir='ltr'><strong>arguitur,</strong></span> <span class='ocrx_word' id='word_1_459' title='bbox 1557 4789 1674 4858; x_wconf 64' lang='lat' dir='ltr'><strong>vitiosi</strong></span> <span class='ocrx_word' id='word_1_460' title='bbox 1703 4792 1875 4856; x_wconf 61' lang='lat' dir='ltr'><strong>verbm-um</strong></span> <span class='ocrx_word' id='word_1_461' title='bbox 1903 4791 2097 4862; x_wconf 48' lang='lat' dir='ltr'><strong>„nomm</strong></span> 
     </span>
    </p>
   </div>
   <div class='ocr_carea' id='block_1_10' title="bbox 0 0 2421 5970">
    <p class='ocr_par' dir='ltr' id='par_1_10' title="bbox 0 0 2421 5970">
     <span class='ocr_line' id='line_1_40' title="bbox 0 0 2421 5970; baseline 0 0"><span class='ocrx_word' id='word_1_462' title='bbox 0 0 2421 5970; x_wconf 95' lang='lat' dir='ltr'><strong> </strong></span> 
     </span>
    </p>
   </div>
  </div>
 </body>
</html>
