4770 5994
960 1412 1080 1574 un
1127 1460 1266 1574 xur

397 1771 480 1860 Cap.
499 1771 525 1834 l.
549 1793 621 1834 eum
646 1781 775 1837 erutum
797 1771 980 1866 equitibus]
1009 1775 1092 1842 Cod.
1118 1801 1191 1842 curn
1211 1789 1343 1843 ceratum
1361 1773 1525 1870 equitibus
1546 1759 1616 1856 ft),
1631 1769 1664 1837 id
1687 1785 1738 1838 est
1755 1773 1915 1852 discentis,

293 1876 401 1966 ‚quod
429 1899 469 1940 ex
499 1875 772 1967 praecedentibus
803 1879 886 1946 arole
914 1865 1088 1970 repetitum
1119 1905 1192 1948 esse
1222 1891 1371 1969 apparet.
1424 1877 1479 1942 Ad
1514 1879 1577 1942 boo
1621 1879 1727 1942 rniuor
1770 1874 1916 1964 equitum

311 2002 466 2044 numerus
490 1979 637 2065 peditum
660 2004 793 2046 enumero
816 1984 982 2049 eorrveuit.
1030 1984 1233 2050 Vocabulum
1259 1994 1388 2050 ueritum
1412 1979 1443 2044 in
1469 1980 1592 2046 codicis
1618 1979 1790 2044 collatione
1821 1977 1917 2042 omia·
1966 2051 1971 2067 Ι

311 2107 383 2146 suan
414 2081 605 2170 llopitarius
634 2097 750 2174 postea
780 2087 918 2154 addidit.
942 2127 982 2138 -
1007 2089 1201 2178 Priusquam
1233 2085 1442 2172 magistratus
1473 2077 1772 2174 proficiscerentur]
1804 2083 1840 2148 lu
1865 2107 1916 2148 eo·

293 2187 384 2274 'diae
407 2187 566 2254 voeabula
585 2191 784 2274 priusquam
811 2192 1012 2279 praepositio
1036 2195 1071 2258 in
1092 2193 1239 2258 subieeta
1260 2202 1321 2254 eat.
1368 2187 1484 2252 Livius
1506 2187 1620 2276 igitur,
1648 2189 1785 2255 nisime
1809 2185 1915 2252 omnia

295 2290 443 2378 ‚fallunt,
475 2291 626 2378 seriptite
657 2295 861 2388 Priusquam
890 2299 924 2360 in
946 2299 1133 2384 provincias
1163 2295 1379 2388 magistratus
1400 2289 1706 2380 proficiscerentur.
1753 2291 1809 2358 Sic
1833 2291 1916 2355 inlra

294 2417 382 2483 ¹sup.
418 2393 471 2456 35.
524 2393 600 2482 Qua
629 2400 790 2462 maturius
819 2401 851 2462 iu
880 2403 1070 2493 prauirroias
1103 2403 1317 2488 nrapisuutus
1347 2393 1648 2482 proficiscerentur.
1684 2433 1723 2444 -
1748 2395 1916 2485 paullatim

309 2498 508 2586 proferendo
544 2497 638 2582 lines,
670 2501 853 2586 constabat]
885 2499 968 2567 cod.
1009 2503 1196 2570 eoratrabat.
1243 2499 1310 2566 Sed
1339 2497 1508 2562 librarium
1531 2500 1610 2564 baee
1634 2500 1730 2565 verba
1751 2510 1827 2588 post
1846 2501 1917 2588 pri·

309 2614 407 2668 uatus
434 2613 635 2688 repetentem
663 2607 839 2672 contrabat
869 2605 902 2668 in
934 2613 1110 2677 constabat
1132 2621 1297 2690 motasse,
1320 2605 1514 2693 llopitnrius
1535 2606 1570 2670 in
1594 2608 1718 2674 eodieis
1741 2608 1917 2672 collatione

294 2697 465 2772 ⁸annotare
489 2707 687 2792 neglexerat.
720 2742 760 2755 —
789 2708 1016 2792 diverteretur]
1047 2711 1131 2775 Cod.
1157 2711 1402 2788 deverteretur,
1427 2709 1516 2794 spraod
1538 2723 1692 2796 praestat.
1715 2711 1790 2778 BC.
1808 2712 1852 2775 B.
1877 2748 1916 2760 -

310 2809 441 2890 diverti]
466 2807 549 2871 Cod.
575 2811 718 2890 deuerti,
747 2809 836 2898 quod
860 2811 971 2875 itidem
994 2810 1117 2898 reoapi.
1141 2807 1214 2874 Bc.
1236 2809 1279 2870 B.
1306 2804 1488 2896 Utrumque
1516 2807 1577 2874 iarn
1609 2811 1914 2896 Drakenborebius,

292 2905 406 3004 Lquem
426 2909 606 3000 Rupertins
629 2921 760 2976 secutus
775 2923 838 2996 est,
863 2913 993 3000 vulgato
1008 2907 1272 3002 substituendum
1291 2931 1365 2972 esse
1384 2911 1522 2976 sensuit.
1547 2945 1590 2962 -
1612 2912 1735 2978 lninria
1754 2911 1929 3000 eonsulis]'

293 3017 492 3105 librarius,
516 3040 617 3106 quarn
641 3019 681 3080 ad
705 3018 896 3105 sequentiae
919 3020 1049 3086 etiamsi
1070 3021 1171 3096 iusta,
1196 3035 1256 3101 per
1276 3012 1527 3099 imprudentiam
1557 3015 1754 3098 aberrasset,
1782 3017 1915 3106 posuitr

307 3123 434 3186 iniuria
455 3119 613 3200 consulis,
630 3142 690 3208 pro
710 3142 776 3208 quo
798 3143 840 3184 ex
852 3118 974 3184 Sebelii
998 3130 1031 3185 et
1048 3115 1207 3186 Gronovii
1223 3113 1411 3180 eonieetura
1425 3116 1668 3204 reponendum
1687 3120 1741 3185 ira
1760 3117 1915 3200 consulis,

291 3221 688 3308 ¹eui-Weissenborniua,
706 3237 741 3289 ut
757 3237 886 3312 tenipus
910 3224 1112 3306 delinit-etur,
1135 3225 1243 3288 Leett.
1261 3217 1335 3284 biv.
1354 3219 1442 3285 Part.
1467 3220 1493 3286 l.
1519 3247 1553 3311 p.
1581 3223 1631 3288 18.
1656 3237 1725 3288 not.
1751 3225 1781 3288 l.
1806 3225 1914 3290 miuus

306 3341 408 3409 reete,
437 3327 567 3414 opinor,
599 3339 669 3394 tum
691 3329 742 3392 ira
764 3329 906 3394 consulis
931 3328 1111 3394 substituit.
1161 3328 1226 3391 vix
1248 3350 1332 3412 opus
1354 3339 1418 3408 est,
1442 3339 1478 3392 ut
1498 3327 1679 3395 adseribarn
1705 3327 1797 3393 Bruti
1819 3327 1916 3394 serbe

306 3430 394 3517 apud
418 3429 489 3494 Cio.
513 3427 598 3517 Epp.
621 3429 663 3495 ad
686 3431 779 3496 Brut.
805 3433 833 3514 l,
857 3433 888 3497 2.
914 3436 1025 3500 aerius
1036 3429 1244 3516 prohibenda
1268 3428 1354 3492 bella
1377 3429 1487 3494 civilia
1508 3451 1592 3509 esse,
1616 3435 1763 3525 quentin
1780 3455 1915 3520 supera·

308 3549 358 3604 tos
372 3537 583 3602 iracundiam
596 3539 830 3622 exercendam,
854 3551 887 3604 et
912 3538 1011 3604 ovid.
1041 3537 1124 3602 tter.
1143 3534 1226 3617 Xll‚
1250 3530 1324 3597 583.
1368 3535 1519 3598 Exercet
1539 3557 1698 3601 muneres
1717 3535 1916 3632 plusquam

307 3639 450 3706 ciuiliter
470 3640 551 3704 iras.

393 3759 475 3848 Cap.
499 3758 542 3823 ll.
567 3758 689 3825 bellurn
713 3762 835 3848 parari]
857 3761 939 3828 Cod.
964 3786 1033 3827 nou
1052 3760 1175 3828 bellum
1193 3757 1325 3844 parari.
1372 3761 1443 3823 Aut
1464 3756 1569 3836 lallor,
1590 3769 1647 3824 ant
1669 3759 1746 3826 eall.
1769 3783 1842 3847 rap.
1864 3761 1913 3824 ld.

305 3865 365 3932 nbi
384 3861 519 3930 Attalns
542 3863 582 3928 de
609 3863 751 3931 Perseos
782 3891 997 3961 quamquam,
1028 3861 1148 3951 inquit,
1185 3860 1267 3926 milti
1287 3861 1421 3953 quidem
1443 3884 1674 3949 amparare,
1703 3864 1765 3930 sed
1796 3887 1915 3954 perere

303 3989 411 4055 paenae
438 3967 559 4034 belluna
583 3967 770 4050 uidebatur,
802 3969 1032 4037 seribendnme
1060 3965 1177 4034 Facile
1203 3976 1313 4031 tamen
1341 3967 1540 4052 apparuisse
1574 3967 1650 4048 sibi,
1681 3987 1771 4030 usaue
1790 3963 1914 4032 belluae

292 4095 444 4159 parare,
473 4094 536 4136 nee
566 4071 658 4137 ultra
688 4073 734 4136 uel
762 4097 858 4138 artua
885 4073 936 4138 ire
965 4069 1160 4146 dilaturum,
1190 4075 1226 4131 ut
1257 4077 1434 4156 utrumqne
1457 4068 1620 4154 aequabili
1643 4068 1816 4136 verborum
1839 4093 1914 4134 eoa·

306 4173 487 4238 structione
517 4173 558 4235 ad
579 4194 690 4258 regern
714 4172 835 4238 Persea
858 4173 1029 4238 referatur.
1076 4169 1127 4234 ne
1149 4169 1262 4234 erebra
1284 4169 1473 4236 vocularum
1496 4193 1563 4236 aon
1585 4181 1619 4234 et
1640 4195 1730 4240 nune
1753 4185 1914 4259 permuta-

303 4276 396 4342 tioue
412 4275 478 4340 vid.
497 4276 745 4344 Drakenboreb.
763 4279 804 4344 ad
832 4279 906 4346 Lis.
933 4279 995 4358 tx,
1015 4277 1049 4360 7,
1073 4275 1104 4340 5.
1122 4311 1161 4323 -
1184 4271 1442 4362 precationibus,
1467 4295 1550 4360 quae
1574 4273 1681 4340 editae
1701 4299 1740 4340 ex
1759 4275 1912 4340 l'atalibea

289 4379 400 4447 'libris
423 4380 548 4463 esseut]
576 4379 659 4448 Cod.
682 4382 1022 4476 praecationibusque
1045 4383 1136 4447 editi.
1188 4378 1376 4446 Gronovius
1398 4378 1500 4466 igitur
1522 4381 1702 4448 eertissinra
1726 4384 1913 4450 eonieetnra

305 4493 483 4572 auguratus
506 4483 640 4572 aeripsit
661 4487 719 4571 qui
737 4487 828 4553 editi.
854 4483 926 4553 BC.
947 4489 991 4552 B.
1031 4485 1087 4551 Sic
1108 4482 1185 4549 alibi
1210 4505 1343 4571 qnoque
1366 4505 1546 4570 pronomen
1568 4485 1738 4552 relativum
1761 4485 1913 4552 remotis·

290 4611 372 4654 'rem
394 4611 412 4651 a
434 4585 565 4651 nomine
585 4587 692 4653 loram
717 4590 857 4674 obtinet,
882 4587 984 4654 veluti
1007 4589 1081 4654 Lir.
1105 4585 1239 4669 XXlV,
1259 4585 1292 4650 8.
1317 4585 1466 4652 Classem
1487 4588 1550 4654 bae
1572 4613 1672 4672 uuna,
1697 4593 1753 4656 eui
1766 4601 1802 4656 tu
1814 4611 1911 4678 prue-

303 4691 411 4781 {iu'atb
433 4691 532 4755 trium
553 4713 667 4756 rerum
690 4713 792 4756 eausa
806 4691 1013 4780 paravieaus,
1037 4702 1071 4757 et
1085 4691 1220 4773 xxx1,
1240 4689 1293 4757 29.
1313 4691 1499 4760 Consilium
1517 4693 1716 4761 Aetolorum
1735 4704 1825 4761 statu
1844 4695 1910 4776 alle,

307 4795 397 4888 pueri
418 4793 652 4860 Panaetolium
673 4804 806 4876 uocant,
828 4792 980 4880 {tauram
999 4803 1083 4861 erat.
1130 4793 1421 4864 Drakenborebiaa
1451 4807 1484 4862 et
1513 4795 1700 4866 Crevieriua
1729 4823 1802 4865 enrn
1824 4797 1911 4864 Dae·
