4814 5970
292 909 433 990 xxxt,
465 909 516 972 Pl.
543 909 672 972 videtur
698 907 872 991 transisse,
905 909 968 974 iam
993 909 1077 974 lreto
1099 907 1233 976 redit.“
1283 907 1357 976 lloc
1380 922 1487 976 autem
1508 913 1555 980 ita
1576 937 1663 1002 nego
1686 928 1721 983 et
1740 923 1901 1008 pernego,

294 1023 349 1098 ut,
374 1017 401 1078 si
426 1013 536 1076 nullas
558 1011 611 1076 irie
633 1012 838 1074 coniecturae
861 1011 955 1074 locus
986 1011 1104 1097 luerit,
1131 1013 1263 1080 Liviam
1290 1037 1398 1102 neque
1426 1027 1519 1100 rate,
1548 1039 1656 1106 neque
1677 1017 1787 1106 frelo,
1809 1023 1902 1110 quod

202 1141 206 1155 ’
291 1115 455 1182 acodicis
484 1115 666 1202 scriptura,
698 1116 890 1203 praesertim
919 1115 948 1178 si
978 1115 1124 1179 ultimam
1146 1114 1238 1179 verbi
1266 1124 1340 1180 erat
1364 1113 1511 1199 literam,
1541 1114 1576 1182 id
1605 1119 1695 1207 quod
1726 1121 1902 1190 Weissen.

290 1219 442 1283 bernium
472 1216 596 1282 dixisse
625 1215 744 1296 miror,
768 1239 808 1280 ex
836 1215 988 1304 sequenti
1011 1217 1127 1281 traicit
1147 1214 1196 1280 illi
1219 1215 1409 1281 adhaesisse
1433 1219 1611 1304 putareris,
1635 1222 1829 1310 longissime
1849 1249 1901 1294 re·

290 1321 390 1403 cedit,
414 1321 514 1385 rerlro
535 1321 660 1386 traiicit
680 1319 862 1402 addidisse,
885 1319 943 1384 sed
965 1316 1134 1384 librarium
1156 1318 1326 1386 vocabulis
1348 1321 1465 1387 aulide
1484 1334 1518 1388 et
1538 1327 1652 1392 traicit
1670 1327 1807 1396 verbnm
1825 1341 1901 1400 erat

290 1444 350 1511 per
378 1445 520 1489 errorem
550 1423 810 1512 interposuisse,
839 1446 901 1488 nee
931 1434 1046 1512 postea
1077 1423 1249 1489 induxisse
1277 1422 1472 1488 existimem.
1512 1463 1556 1478 --
1599 1429 1793 1519 Dianaeque
1821 1443 1900 1500 tam.

288 1524 403 1612 plum]
435 1525 527 1591 llaec
554 1524 846 1591 Drakenborchius
874 1525 919 1590 ita
945 1527 1108 1614 explicate
1136 1528 1297 1608 „traiicit
1320 1524 1480 1591 Aulidem
1502 1529 1705 1620 Dianaeque
1729 1535 1896 1624 templum,

287 1647 348 1712 pro
379 1635 413 1691 et
442 1628 488 1691 ad
510 1627 645 1692 Dianae
678 1627 891 1714 templum;“
926 1625 1130 1716 Doeringius
1162 1641 1269 1694 autem
1305 1627 1366 1694 hoc
1399 1628 1515 1696 modos
1550 1635 1787 1729 „Dianaeque
1821 1649 1899 1705 tem·

285 1727 392 1815 plum,
415 1741 527 1818 repete
550 1731 676 1796 traiieit
694 1743 728 1794 et
749 1729 825 1794 inde
845 1728 927 1794 elice
950 1731 1062 1796 adit.“
1107 1731 1202 1815 Quae
1225 1755 1323 1819 quarn
1345 1742 1493 1798 contorta
1516 1729 1703 1823 sistatque
1726 1738 1897 1826 impedita,

287 1853 384 1896 nemo
406 1855 471 1896 non
495 1832 663 1920 intelligit.
707 1832 816 1898 Multo
837 1834 981 1918 facilius,
1005 1834 1137 1922 opinor,
1159 1841 1257 1919 atque
1286 1831 1472 1919 expeditius
1499 1834 1587 1900 hune
1614 1835 1724 1902 locum
1756 1841 1899 1929 expliea-

286 1934 353 2017 lris,
375 1937 404 1997 si
427 1957 554 2002 mecum
573 1936 766 2026 scripserisr
787 1939 988 2029 Dianaeque
1011 1938 1142 2026 templo,
1164 1958 1212 2000 sc.
1234 1934 1396 2000 inclitum.
1427 1935 1502 2002 130.
1526 1939 1570 2004 D.
1622 1938 1680 2006 Sic
1709 1939 1795 2008 inira
1822 1966 1894 2032 cap.

286 2033 340 2102 28.
367 2037 446 2102 iude
473 2039 565 2104 laaud
593 2063 710 2127 parem
737 2042 854 2127 opibus
881 2041 1107 2130 Epidaurum,
1137 2039 1198 2106 sed
1227 2038 1374 2105 inclitam
1400 2040 1599 2128 Aesculapii
1628 2042 1733 2110 nobili
1762 2048 1894 2134 templo.

287 2141 460 2207 Praeterea
482 2165 583 2229 supra
602 2165 678 2229 cap.
701 2139 734 2206 6.
756 2165 816 2230 pro
840 2165 982 2235 quorum
1002 2143 1157 2232 templum
1179 2152 1253 2206 erut
1273 2140 1436 2207 contrario
1460 2141 1591 2208 librarii
1622 2169 1730 2212 errore
1755 2172 1897 2239 qssorum

286 2247 407 2335 templa
429 2256 528 2312 aaut
556 2247 591 2310 in
619 2242 735 2310 codice
764 2243 902 2331 reperiri
930 2244 1086 2310 vidimus.
1146 2242 1320 2308 Adversus
1349 2243 1430 2308 lsaee
1459 2241 1758 2312 Weissenbornius
1788 2247 1898 2316 Leatt.

286 2349 360 2415 etv.
387 2350 480 2414 Part.
502 2345 548 2411 ΙΙ.
573 2369 608 2435 p.
630 2345 664 2410 2.
687 2369 742 2433 sq.
770 2345 880 2430 „Mihi
903 2369 993 2430 vero,
1017 2345 1138 2436 inquit,
1162 2343 1287 2410 codicis
1310 2343 1472 2434 scriptura
1493 2368 1559 2435 qno
1579 2371 1616 2414 se
1639 2349 1794 2419 deteneat
1815 2353 1897 2420 mal·

285 2465 355 2518 tam
376 2449 507 2516 ridetur
526 2447 658 2514 babere.
703 2447 790 2514 Nam
811 2450 943 2518 uarium
961 2449 1094 2539 quidem
1114 2444 1255 2511 statione
1269 2455 1382 2533 portus
1399 2443 1533 2512 inclitus
1556 2471 1630 2516 esse
1649 2463 1772 2540 potest,
1787 2477 1896 2544 neque

286 2573 364 2618 vero
386 2547 522 2638 t'emplo,
545 2572 611 2638 qno
634 2551 707 2638 ipss
731 2550 810 2618 arba
832 2551 1036 2618 nobilitatur.
1080 2547 1199 2637 Neque
1221 2549 1284 2612 hoc
1305 2545 1422 2613 Livius
1450 2545 1548 2632 dicit,
1570 2562 1722 2642 portum,
1743 2554 1834 2642 quod
1864 2568 1898 2624 et

287 2653 429 2719 statione
448 2651 579 2719 narium
601 2665 635 2719 et
659 2654 783 2741 templo
810 2655 1034 2720 memorabilis
1064 2662 1164 2734 esset,
1194 2649 1363 2716 consulem
1391 2649 1527 2732 adiisse,
1554 2653 1613 2718 scd
1643 2667 1676 2720 et
1701 2672 1831 2742 portum
1862 2671 1897 2728 et

284 2757 443 2846 templum
465 2765 632 2843 spectasse
652 2775 728 2819 earn
750 2753 862 2837 tradit,
877 2766 1021 2842 portum,
1039 2752 1130 2842 qnod
1144 2751 1281 2818 inclitus
1299 2753 1530 2819 essetnavium
1551 2754 1705 2839 statione,
1721 2761 1894 2848 templum,

284 2869 422 2947 propter
444 2856 643 2923 celebratam
662 2854 748 2922 illud
762 2855 1022 2942 Agamemnonis
1044 2849 1253 2920 sacrificinm.
1297 2849 1394 2934 Quae
1416 2851 1550 2939 quidem
1572 2851 1637 2921 loci
1651 2857 1733 2922 ratio
1749 2871 1895 2948 recepta,

285 2983 370 3048 quae
390 2957 630 3024 recentioribus
653 2955 790 3044 placuit,
813 2955 1000 3022 coniectura
1021 2976 1219 3042 magnopere
1241 2954 1462 3044 perturbatur.
1508 2955 1610 3040 Quod
1623 2969 1731 3025 tamen
1746 2949 1895 3050 lirepssi·

286 3063 363 3152 gius
385 3060 438 3128 vel
459 3076 526 3126 non
548 3069 636 3126 recte
655 3058 708 3125 vel
729 3081 795 3124 non
817 3058 884 3124 nisi
907 3067 1054 3124 contorte
1077 3058 1240 3144 vulgatam
1269 3056 1428 3146 explicari
1455 3079 1555 3146 posse
1576 3075 1700 3148 censet,
1722 3087 1838 3132 vereor
1859 3079 1896 3134 ut

284 3167 470 3233 meminerit
490 3166 576 3230 hand
599 3188 671 3230 raro
694 3187 767 3230 cnm
790 3164 872 3231 alios
896 3164 1075 3250 scriptores
1098 3174 1166 3226 taur
1189 3160 1321 3226 Livium
1348 3159 1437 3226 illam
1459 3163 1635 3230 verborum
1663 3169 1894 3238 conformatio·

283 3293 357 3336 nem
380 3291 479 3356 quam
502 3260 572 3332 ἀπὸ
592 3267 706 3332 κοινοῦ
724 3266 895 3354 appellant
916 3264 1101 3330 admisisse.
1145 3263 1203 3328 Sic
1225 3265 1333 3331 locum
1356 3263 1558 3331 simillimum
1574 3267 1687 3354 XLll,
1710 3272 1763 3338 ΙΙΙ.
1788 3287 1895 3342 exam

285 3399 359 3442 cum
381 3377 421 3440 iis
440 3372 555 3438 consul
573 3371 794 3438 Brundisium
816 3373 862 3438 ari
881 3375 1077 3452 exercitum,
1095 3381 1196 3470 utque
1216 3368 1293 3432 inde
1313 3389 1387 3434 cuass
1401 3367 1552 3434 omuibus
1566 3375 1667 3458 capiis
1685 3385 1895 3446 tramuectus

285 3479 333 3544 nd
351 3475 588 3564 Nymphaeum
611 3509 643 3522 -
670 3477 782 3558 posuit
807 3484 933 3556 eastra,
955 3496 1050 3538 nemo
1070 3470 1262 3538 sollicitavit
1290 3481 1420 3560 praeter
1443 3471 1764 3564 Drakenborchiunr3
1794 3479 1895 3570 idque

231 3661 234 3668 Α
284 3607 323 3650 eo
347 3579 529 3647 mirabilius
550 3577 694 3660 videtur,
715 3577 804 3666 quod
824 3579 907 3644 alios
930 3576 1092 3644 eiusmodi
1116 3577 1207 3642 locos
1223 3573 1357 3661 egregie
1378 3573 1570 3662 explicavit,
1588 3575 1690 3642 relati
1710 3579 1817 3665 illum,
1836 3585 1894 3671 qui

284 3683 447 3753 immerito
470 3706 488 3747 a
510 3680 705 3768 lireyssigio
728 3682 917 3748 immutatas
940 3693 1003 3765 est,
1025 3675 1162 3759 xxxi,
1184 3675 1238 3756 46,
1262 3675 1324 3740 1οι
1349 3688 1381 3746 et
1405 3679 1554 3765 pondere
1575 3681 1701 3769 iuqeuti
1728 3703 1815 3747 saxu
1845 3687 1893 3748 ia·

285 3789 428 3871 delun,
459 3797 492 3852 et
521 3775 781 3852 cuniculos'etc.
811 3785 854 3849 ci.
887 3783 1013 3850 Duker.
1044 3784 1085 3849 ad
1113 3782 1143 3863 l,
1174 3780 1229 3864 33,
1251 3780 1284 3844 6.
1308 3781 1411 3847 Drak.
1443 3782 1484 3848 ad
1506 3782 1571 3868 ΙΙΙ,
1594 3783 1655 3868 67,
1678 3785 1730 3855 13.
1758 3786 1892 3854 Walclr.

282 3892 423 3962 Emend.
446 3891 541 3956 Lirr.
566 3912 601 3976 p.
621 3887 694 3954 229.
717 3885 789 3954 cte.
812 3887 995 3974 Dispatstt.
1019 3885 1160 3951 Tuscul.
1184 3885 1213 3966 Ι,
1236 3881 1291 3967 ll),
1305 3883 1368 3948 972
1390 3886 1485 3950 vadit
1507 3888 1542 3952 iu
1564 3888 1703 3954 eundem
1722 3911 1895 3955 carcerem

284 4009 385 4090 atque
403 3999 439 4060 s'n
461 3994 602 4061 euuderu
619 3991 737 4078 paucis
756 3998 831 4075 post
852 3991 950 4054 anuis
973 3988 1131 4078 scyphum
1156 3987 1332 4072 Socrates,
1357 3985 1403 4053 ils.
1428 3988 1492 4066 ΙΙΙ,
1514 3989 1569 4075 3Ι,
1591 3987 1646 4055 76.
1677 3990 1756 4056 Vid.
1780 3991 1892 4058 lilotz.

263 4099 324 4190 ¹ad
346 4099 380 4162 Ιι.
403 4098 426 4162 Ι.
456 4093 590 4163 etDtto
621 4093 661 4158 ad
689 4090 762 4157 Cic.
793 4090 833 4154 de
860 4089 935 4155 nin.
961 4088 1007 4173 ΙΙ,
1030 4089 1063 4174 3,
1091 4085 1122 4156 6.
1166 4089 1283 4178 ltaque
1312 4113 1379 4156 non
1402 4091 1531 4174 dubito,
1561 4091 1644 4180 quin
1667 4091 1796 4179 Livias,
1819 4119 1894 4164 euna
1993 4155 2007 4178 ,

286 4201 440 4291 templum
466 4199 636 4278 scriberet,
664 4195 709 4261 its
738 4193 784 4260 sit
813 4193 957 4276 locutas,
977 4215 1014 4256 ae
1042 4192 1071 4258 si
1094 4203 1170 4258 ante
1192 4194 1244 4259 vel
1266 4195 1338 4261 adit
1359 4193 1411 4262 vel
1431 4199 1515 4282 petit
1535 4194 1695 4280 dixisset3
1718 4210 1786 4284 aut,
1810 4224 1894 4288 quas

283 4299 461 4388 Doeringii
483 4311 534 4364 est
556 4296 731 4376 sententia,
753 4317 849 4382 qnam
873 4317 933 4360 eur
952 4293 1033 4359 adeo
1057 4305 1237 4360 contortam
1260 4319 1333 4361 csse
1355 4297 1568 4386 liregsaigius
1591 4300 1714 4382 eredat,
1738 4324 1801 4392 ego
1826 4328 1894 4371 nou

285 4406 467 4500 perspicio,
488 4403 552 4466 talc
571 4399 705 4490 aliquod
728 4395 921 4464 vocabalum
945 4419 986 4461 ea
1006 4399 1274 4466 antecedentibus
1302 4401 1446 4488 intelligi
1473 4403 1654 4469 s·oluerit.“
1700 4406 1790 4474 llaec
1818 4407 1891 4474 aliis

285 4504 497 4606 diiudicanda
526 4501 689 4588 relinquo.
722 4537 761 4552 -
791 4509 881 4568 vates
911 4500 1169 4590 Amphilochus]
1198 4503 1282 4569 Cod.
1306 4515 1402 4571 uates
1423 4510 1581 4574 anticum.
1627 4506 1721 4574 Nihil
1743 4509 1892 4599 proiecto

283 4613 405 4684 certius
430 4619 493 4690 est,
517 4625 614 4690 qaam
636 4603 819 4698 librarium,
842 4603 901 4690 qai
928 4603 1025 4670 banc·
1042 4604 1210 4672 scribendi
1242 4606 1400 4672 rationem
1430 4621 1618 4674 constanter
1648 4609 1810 4703 scqqitur,
1838 4611 1893 4675 illa

281 4737 344 4802 pro
366 4721 456 4777 uates
480 4709 610 4774 anticus
633 4704 703 4772 sire
724 4706 881 4796 antiquus
904 4705 1068 4792 posuisse.
1115 4708 1184 4792 Qui
1208 4711 1329 4776 iactum
1352 4712 1408 4796 sit,
1433 4722 1466 4776 ut
1483 4711 1654 4800 Grgnsens
1675 4713 1738 4778 lroc
1760 4735 1826 4778 non
1847 4713 1892 4776 ri·

283 4815 389 4894 deret,
412 4832 507 4878 nemo
531 4808 626 4874 laeile
649 4805 779 4875 dixerit.
826 4805 1198 4896 Daumgarten·(2rusias
1219 4823 1362 4878 nostram
1383 4813 1535 4902 probarit
1549 4815 1822 4898 emendationem,
1836 4814 1895 4880 sed

1629 4927 1683 4992 ta·
