4814 5970
463 681 513 764 20

465 876 632 955 praeturam
655 866 779 949 gessisse
800 861 985 932 llrirmaunus
1007 861 1081 930 llist.
1106 863 1192 930 llom.
1217 865 1296 930 Part.
1319 863 1355 929 lI.
1378 887 1409 948 p.
1433 861 1483 928 et.
1506 852 1700 947 probabiliter
1727 865 1884 934 atmodum
1914 867 2081 946 suspioame

469 979 522 1048 ost,
546 973 738 1035 tantitatem
755 977 947 1052 praetorium
970 971 1109 1054 appellari
1131 977 1249 1034 statuas.
1294 971 1396 1050 Neque
1416 979 1513 1032 nmen
1531 981 1617 1048 nege,
1640 968 1858 1030 eonoimiierem
1881 969 1946 1030 tore
1964 971 2079 1034 erato·

468 1087 544 1150 trem,
568 1077 592 1138 si
615 1069 756 1157 seriptum
779 1085 855 1137 esset
874 1069 929 1138 hoe
952 1075 1013 1138 lere
1034 1075 1140 1138 medo:
1171 1073 1205 1148 Q.
1229 1073 1382 1137 Metellum
1398 1083 1504 1152 posteo
1526 1072 1635 1134 Cretici
1654 1077 1826 1151 toqneotine
1848 1075 2082 1154 appellataque

469 1178 661 1243 eerodidetem
680 1188 879 1261 praetorium.
923 1182 952 1243 Si
976 1183 1044 1262 quid
1066 1190 1160 1243 autem
1174 1187 1293 1242 nostrae
1307 1175 1490 1236 eoeleeteree
1505 1173 1690 1234 tribuendum
1705 1176 1801 1248 luerit,
1818 1176 1870 1236 has
1885 1176 2081 1240 Historluretn

468 1277 652 1347 Livianarmn
674 1283 809 1364 reliquias
831 1300 884 1366 per
908 1295 1073 1366 temporum
1097 1287 1238 1347 rationem
1261 1294 1320 1341 non
1340 1277 1377 1337 ad
1399 1275 1506 1336 fierem
1527 1277 1747 1355 nonagesimum
1763 1286 1905 1354 omarum,
1921 1283 1973 1342 sed
1988 1295 2090 1344 ιιοιιοω

469 1389 610 1471 goslenum
634 1390 783 1468 quintum,
816 1391 846 1451 ln
869 1408 926 1470 quo
953 1387 1019 1451 belli
1040 1409 1056 1450 a
1079 1390 1218 1470 Spartaco
1242 1385 1382 1449 commoti
1403 1383 1500 1456 lnilin,
1525 1384 1647 1462 quaein
1670 1387 1793 1447 etmdem
1817 1403 1923 1472 entium
1944 1389 2080 1465 insidunt,

470 1490 588 1557 eLivlo
611 1494 828 1568 enarrabantur‚
849 1473 1014 1558 referendas
1034 1513 1107 1567 esse,
1128 1495 1163 1555 ad
1184 1494 1332 1554 veritatem
1354 1487 1477 1567 propius
1496 1487 1660 1568 accedet*).
1704 1489 1872 1564 Praeterea,
1897 1494 1921 1554 si
1944 1495 2082 1558 Lentulus

472 1613 506 1661 ee
529 1597 594 1679 lpse
618 1615 703 1672 anno,
728 1613 785 1678 quo
808 1597 936 1688 Metellus
960 1599 1126 1660 candidatus
1148 1596 1314 1676 praetorius
1336 1591 1425 1653 luisse
1447 1589 1568 1664 videtur,
1595 1601 1733 1671 quaestor
1754 1594 1783 1656 in
1805 1611 1908 1658 noram
1935 1599 2081 1678 provinci-

472 1719 520 1765 tm
547 1703 672 1782 Cyrenas
698 1709 741 1764 est
770 1703 892 1775 missus,
921 1702 1069 1781 regionem
1098 1699 1346 1780 pentapolitanum
1373 1709 1433 1754 nen
1465 1713 1516 1766 eo,
1545 1713 1602 1772 quo
1625 1693 1755 1757 Pertzius
1782 1716 1812 1778 p.
1839 1697 1886 1760 ll.
1909 1703 2081 1782 suspicatur,

471 1805 614 1886 tempore,
639 1803 689 1866 sed
713 1803 834 1866 triennio
858 1805 910 1878 vel,
934 1800 958 1866 si
980 1805 1111 1885 Appiano
1135 1804 1206 1864 fides
1226 1799 1372 1868 habenda,
1396 1796 1591 1874 quinquennio
1614 1803 1686 1860 ante
1699 1799 1728 1859 in
1749 1797 1915 1880 provinciae
1937 1805 2083 1868 Romanae

473 1911 682 1994 formamesse
704 1907 858 1983 redactam,
882 1917 990 1970 statuas
1012 1924 1129 1970 neeesse
1152 1915 1205 1969 est.
1250 1903 1396 1986 Appianas
1417 1901 1503 1974 euim,
1525 1903 1574 1980 qui
1596 1902 1665 1962 Bell.
1690 1901 1749 1964 Cir.
1766 1903 1788 1978 l,
1809 1903 1877 1967 111.
1895 1905 1930 1970 de
1951 1909 1995 1984 iis,
2011 1925 2084 1990 qnae

475 2011 520 2076 01.
545 2005 615 2090 tte,
639 2009 669 2074 2
693 2013 721 2074 id
744 2021 788 2075 est
808 2035 834 2076 a.
858 2035 887 2075 u.
910 2007 983 2075 6711.
1014 2013 1073 2077 sive
1094 2008 1145 2076 75.
1169 2035 1194 2074 a.
1224 2009 1292 2073 Chr,
1313 2009 1496 2082 aeciderunt,
1527 2009 1597 2070 haee
1623 1998 1756 2090 scripsit:
1792 2013 1858 2074 Τοῦ
1880 2003 1908 2075 rl’
1931 2009 2085 2092 lntrlvrog

474 2105 583 2189 ltere,
611 2110 706 2196 ἕκτος
729 2107 975 2198 ἑβδομηκοστῆς
1005 2109 1061 2176 καὶ
1085 2106 1264 2195 ἑκατοστῆς
1289 2102 1498 2190 ὀλυμπιάδος
1524 2101 1640 2193 οὔσης,
1673 2105 1733 2173 ‹lrlo
1761 2111 1821 2192 nir
1848 2110 1883 2175 der
1914 2114 2086 2199 trotthair

474 2209 557 2302 ἔθνη
584 2209 760 2295 Ῥωμαίοις
789 2213 1036 2302 οτμιιςε;ο’μ·εῑο’
1067 2209 1214 2278 Bedunia
1245 2236 1295 2289 τε,
1334 2209 1547 2300 Νικομήῦοος
1576 2209 1821 2294 elmotmdome,
1854 2217 1907 2282 καὶ
1941 2218 2083 2306 Κυρήνη,

475 2315 692 2399 Πτολεμαίου
719 2321 777 2382 τοῦ
802 2315 961 2402 Λαγίδου
982 2318 1161 2400 βασιλέως,
1193 2307 1230 2394 ὃς
1259 2314 1433 2404 ἐπίκλησιν
1461 2309 1500 2404 ἦν
1527 2313 1670 2395 Ἀπίων,
1701 2331 1842 2384 nontam
1865 2340 1919 2406 per
1940 2338 2082 2412 errorem,

477 2422 558 2508 enites
581 2442 646 2484 enm
667 2422 796 2487 Pertzius
826 2424 1014 2498 insimulavit,
1047 2419 1234 2485 Nicomedem
1255 2428 1284 2484 et
1305 2421 1502 2487 Ptolemaeum
1529 2426 1701 2505 eognomIne
1723 2427 1881 2508 dolonem,
1909 2430 1956 2509 qui
1978 2431 2037 2492 iem
2058 2447 2085 2493 a,

476 2549 505 2593 u.
528 2524 602 2591 658.
625 2531 683 2590 sire
705 2527 756 2590 tto.
778 2547 804 2591 a.
828 2529 896 2590 Chr.
912 2531 1090 2605 decesserat,
1113 2548 1173 2592 uno
1196 2529 1356 2608 eodemque
1378 2547 1453 2589 armo
1474 2535 1609 2589 mortuos
1630 2531 1772 2610 populum
1793 2531 1957 2594 Romanum
1977 2548 2085 2614 regno—

476 2645 541 2696 tum
563 2651 684 2695 surorum}
703 2633 839 2694 heredem
862 2626 1019 2696 instituisse
1041 2633 1120 2706 dixit,
1144 2651 1240 2712 quem,
1262 2632 1286 2693 si
1308 2631 1377 2711 quid
1397 2630 1503 2705 iudico,
1521 2631 1682 2712 Bithyniam
1703 2642 1732 2696 et
1746 2635 1877 2715 Cyrenen
1891 2653 1949 2699 uno
1965 2641 2085 2702 eodem-

477 2751 533 2818 que
554 2753 629 2799 anno
650 2757 683 2798 ex
706 2754 807 2817 regum
829 2737 946 2800 illorum
968 2743 1141 2800 testamento
1162 2731 1325 2817 proritiolas
1346 2733 1492 2796 Romanas
1514 2737 1604 2797 ledes
1626 2753 1699 2810 esse,
1723 2741 1882 2802 memoriae
1904 2743 2042 2821 prodielit

560 2891 681 2956 SACRI
703 2891 777 2970 UIA]
800 2893 897 2954 Livius
919 2893 1008 2970 Igitur
1028 2909 1089 2952 non
1111 2891 1206 2952 solum
1228 2889 1264 2963 11,
1290 2885 1340 2951 le.
1362 2896 1391 2950 et
1411 2888 1510 2962 IILIII,
1537 2886 1584 2952 16.
1608 2891 1659 2953 sod
1681 2892 1765 2956 etlam
1789 2895 1845 2956 hoe
1867 2897 1932 2958 loco
1953 2919 1986 2960 ex
2010 2901 2084 2962 seri-

476 3003 597 3078 ptomm
613 2994 794 3074 optimorum
811 3011 865 3054 usu
882 3011 971 3054 suero
991 2997 1042 3054 oio
1063 3011 1119 3072 pro
1134 2997 1185 3054 viu
1201 3011 1289 3054 socru
1310 2993 1419 3072 posuit.
1455 2993 1518 3056 lloe
1533 2995 1610 3058 enim
1624 2995 1780 3072 necteus,
1797 2999 1841 3060 eui
1861 2999 2089 3064 Wustemannus

478 3098 631 3178 adllorat.
654 3097 715 3158 Sat.
731 3096 754 3171 I,
769 3094 799 3172 ll,
822 3093 849 3157 l.
873 3097 1002 3170 accessit,
1019 3103 1096 3158 reete
1111 3096 1287 3178 Improbuvit
1301 3096 1332 3158 iu
1352 3097 1450 3160 libello
1472 3099 1506 3160 de
1527 3099 1639 3162 Romae
1660 3107 1768 3164 veteris
1789 3108 1885 3165 mitris
1905 3117 1992 3185 otqee
2010 3127 2086 3187 por-

477 3207 526 3278 tit,
547 3197 663 3284 Lipsiae
685 3221 711 3262 a.
737 3195 828 3262 1842.
849 3200 936 3274 edito,
961 3219 991 3280 p.
1013 3193 1065 3260 23.
1087 3206 1115 3260 et
1133 3199 1299 3264 Ileudlmod
1321 3202 1374 3262 der
1389 3200 1562 3264 Remiseden
1583 3203 1795 3278 Altertlntmer,
1816 3207 1901 3267 I'om.
1922 3208 1944 3268 l.
1964 3230 1995 3293 μ.
2013 3203 2085 3274 219.

476 3309 586 3372 st'uslre
609 3307 777 3370 adversante
798 3305 941 3368 Uelleltsio
959 3305 990 3368 in
1013 3304 1154 3384 opuscolo
1176 3304 1215 3366 ita
1238 3305 1395 3384 inscripto:
1417 3305 1570 3367 tomenti
1593 3305 1794 3388 Topoqrepdr‘e
1814 3313 1847 3370 in
1870 3308 1995 3392 Ieipziq.
2029 3310 2088 3374 llio

477 3410 604 3489 Itidem
624 3429 683 3472 zer
700 3409 914 3490 Bostrenum
936 3411 989 3472 der
1009 3409 1096 3470 Stodt
1116 3407 1200 3468 Ilum.
1246 3407 1398 3488 Stuttqert
1420 3409 1482 3470 oud
1507 3407 1666 3486 teolegio,
1695 3403 1784 3470 tete.
1807 3429 1839 3490 μ.
1861 3399 1892 3472 7.
1912 3433 1977 3494 sqq.
2000 3435 2089 3496 quem

475 3514 611 3580 rumam
629 3514 706 3576 idem
727 3512 873 3576 BeeIterus
896 3513 927 3576 iu
947 3511 1059 3573 libello:
1077 3510 1147 3572 Zur
1165 3510 1339 3574 torneator
1363 3511 1573 3594 topoeoptte.
1619 3513 1753 3576 Anteert
1775 3533 1815 3576 οο
1834 3513 1936 3576 Herm
1960 3514 2085 3580 Urlieds.

475 3617 603 3700 Μέρος,
628 3614 718 3680 1845.
741 3637 772 3699 p.
798 3615 847 3680 16.
869 3637 933 3698 sqq.
979 3617 1072 3694 Atque
1098 3615 1156 3676 iam
1178 3623 1243 3676 unte
1266 3615 1443 3692 Remorum,
1467 3615 1496 3676 id
1518 3617 1598 3695 quod
1626 3635 1692 3676 eum
1724 3612 1820 3692 latuit,
1845 3611 2034 3700 Goettlingius
2056 3621 2086 3684 ln

478 3711 728 3786 Commelrtadono
749 3724 784 3784 de
804 3741 892 3784 socru
912 3725 963 3783 vie
984 3719 1130 3791 Ilomeeu,
1152 3737 1225 3798 quae
1244 3717 1336 3780 lalunii
1359 3719 1467 3782 Arellio
1486 3719 1542 3798 [etr
1556 3717 1722 3798 Pln'loloqie
1742 3719 1804 3780 uod
1824 3714 2003 3802 Petdeqeqile,
2021 3717 2084 3786 vot.

476 3824 534 3890 tlt·
550 3825 632 3889 Part«
654 3825 701 3888 IV.
724 3845 756 3906 p.
778 3820 958 3888 etti-titt.
981 3823 1090 3886 Inclusa
1111 3830 1164 3894 est,
1187 3841 1217 3902 p.
1240 3811 1312 3880 (131.
1334 3821 1364 3882 ln
1386 3819 1569 3883 annotatione
1592 3819 1737 3880 subiecta:
1762 3815 1841 3896 „Qui
1866 3824 1946 3884 oium
1966 3843 2085 3887 sueram

411 3964 422 3988 .
478 3929 591 4014 dicenti,
619 3929 729 4010 lnquit,
761 3928 888 3991 traiectis
910 3929 1074 4002 vocabilis,
1097 3933 1198 3988 contra
1220 3943 1333 3986 merem
1354 3923 1452 3986 dieunt
1473 3920 1669 4004 antiquiorum
1692 3917 1901 3987 Romanorum.
1947 3923 2084 3993 Horatius

478 4033 556 4099 euim
581 4041 705 4116 propter
731 4051 848 4096 versum
873 4033 931 4095 hee
958 4033 1063 4096 lecit.“
1107 4031 1204 4092 Ileete.
1247 4027 1321 4088 Nam
1343 4029 1467 4090 lraetum
1494 4027 1574 4088 illum
1597 4037 1682 4108 etque
1704 4021 1849 4089 elumbem
1870 4019 2084 4096 hexametrum:

477 4137 565 4204 Iberi
583 4159 671 4202 serre
691 4141 772 4220 sorte
791 4143 853 4214 eie,
875 4143 953 4200 se'ent
974 4157 1056 4200 meus
1078 4147 1119 4198 est
1140 4153 1213 4208 mus,
1235 4130 1403 4212 Urlieltsius,
1426 4131 1475 4210 qui
1496 4129 1659 4204 Horatium,
1680 4131 1705 4192 si
1727 4127 1872 4206 voledsset,
1897 4132 1936 4194 ita
1957 4137 2086 4203 seribere

476 4241 609 4324 pottu'sse
635 4244 786 4324 opinatur,
816 4243 872 4306 sibi
900 4242 1014 4308 haheat.
1067 4243 1200 4304 Ceterum
1231 4233 1372 4308 Romani,
1401 4242 1434 4294 ut
1460 4234 1517 4296 hoe
1538 4233 1658 4310 addam,
1684 4229 1816 4296 similiter
1838 4231 2089 4329 montemfprope

478 4385 806 4408 m·

547 4477 576 4540 *l
594 4477 666 4532 noae
681 4473 850 4549 typographo
867 4473 1041 4530 oxuotbood·
1059 4473 1226 4542 aestiuorum,
1247 4491 1330 4548 quero
1350 4475 1491 4545 Boethium
1508 4475 1538 4526 in
1557 4475 1767 4544 oomntootoriio:
1803 4479 1961 4550 Zeiteednst
1970 4480 2027 4552 sor
2045 4486 2088 4538 ιιιί

476 4560 835 4634 Altertltumrwioooneodost,
854 4580 881 4618 ι.
899 4559 975 4616 ¹848.
995 4561 1065 4625 Part.
1083 4563 1121 4616 X.
1143 4561 1190 4616 Nn.
1214 4562 1275 4622 110,
1295 4583 1324 4632 p.
1342 4562 1403 4618 880.
1431 4561 1476 4614 ott
1494 4579 1596 4616 nummo
1615 4561 1699 4616 libelli
1721 4583 1736 4616 ι
1760 4565 1861 4618 Pertzio
1885 4567 1949 4622 editt
1973 4569 2089 4626 breviter

479 4653 638 4726 exponitur,
657 4650 690 4703 de
713 4649 808 4701 horum
826 4649 1031 4718 fragmentorum
1051 4661 1158 4702 tuotone
1174 4661 1254 4722 etque
1279 4663 1431 4719 tegumento
1449 4653 1484 4702 ite
1504 4649 1636 4705 inditam
1654 4650 1726 4720 vtdt,
1745 4665 1774 4706 ut
1792 4673 1898 4708 meeum
1919 4660 2087 4716 consentient
2158 4697 2160 4701 ·

478 4753 504 4798 ot
522 4741 679 4795 distentione
692 4725 761 4790 lineo
777 4749 927 4790 nonotnret:
947 4739 1024 4806 „Deo
1037 4735 1176 4806 Fragment
1191 4736 1288 4792 tauta
1307 4739 1363 4791 ried
1379 4735 1435 4809 osef
1446 4737 1647 4810 Begedmdeitm
1665 4741 1710 4793 dee
1731 4741 1824 4794 Joltreo
1843 4737 1904 4808 1181,
1927 4741 1980 4794 und
1997 4737 2089 4819 llity‘te

479 4825 537 4882 eder
553 4827 602 4881 alm
621 4823 758 4880 Historia
778 4827 822 4878 ἀει
841 4821 943 4876 silton
959 4817 1133 4898 ongaed'ciren.“
1168 4823 1210 4878 Ile
1228 4832 1339 4895 utreque
1359 4825 1519 4879 existimatio
1537 4815 1688 4880 eumeni-to
1705 4827 1829 4881 emolliet
1847 4831 1912 4882 nto.
2021 4859 2025 4870 ·
