4770 5994
511 671 561 744 42

511 831 656 900 seribere
680 833 877 914 maluerunt,
897 846 931 900 et
949 832 1154 921 Doeringios
1169 832 1245 898 aliia
1269 835 1382 905 nes'eio
1400 835 1522 924 quibus
1546 837 1610 902 iam
1625 849 1701 904 ante
1724 860 1784 902 noa
1803 849 1904 929 atque
1923 841 2037 906 ararati
2058 839 2126 926 pla·

511 937 621 1002 ruisse
636 949 749 1002 auetor
762 949 824 1001 est.
860 937 1037 1024 Utcunque
1052 961 1105 1002 res
1125 937 1287 1022 sehabet,
1307 941 1369 1006 boe
1387 965 1519 1029 quoque
1534 941 1608 1008 loeo
1624 964 1690 1006 non
1706 942 1812 1030 magis
1830 965 1927 1029 quam
1950 941 2046 1024 XLI,
2069 942 2124 1008 24

510 1037 642 1124 probari
657 1051 779 1125 potest,
798 1063 838 1104 ae
856 1040 936 1128 poni
954 1051 1028 1104 unte
1052 1039 1210 1106 voeabula
1227 1065 1244 1106 a
1267 1043 1371 1111 vocali
1387 1045 1589 1131 incipientia.
1615 1083 1651 1094 -
1671 1058 1707 1110 ot
1727 1046 1834 1111 aditus
1856 1057 1889 1110 et
1909 1045 1942 1109 in
1967 1045 2125 1112 Achaiam

509 1143 655 1224 daretur]
674 1143 841 1208 Brlrberus
857 1169 898 1210 ex
912 1145 1113 1232 Heusingeri
1130 1147 1317 1212 coniectura
1332 1155 1364 1210 et
1381 1145 1412 1209 in
1428 1150 1459 1210 ei
1472 1146 1620 1212 mutavit.
1658 1147 1728 1212 Nee
1751 1171 1912 1235 repugno.
1940 1147 2017 1220 vid.
2041 1171 2126 1238 quae

507 1271 608 1335 supra
625 1249 665 1314 ad
683 1249 778 1330 XLI,
799 1249 849 1312 15.
867 1251 1032 1316 annotavi.
1048 1287 1090 1300 --
1107 1249 1259 1337 petiisse]
1277 1249 1358 1314 Cod.
1376 1255 1510 1335 petisse,
1529 1251 1618 1340 quod
1639 1253 1770 1338 vulgato
1792 1252 1961 1320 substitui,
1977 1252 2053 1322 BC.
2078 1254 2123 1322 B·

595 1383 677 1470 Cap.
702 1382 801 1448 XIII.
828 1383 883 1446 serl
908 1395 1072 1471 comperta
1096 1395 1129 1448 et
1150 1383 1329 1471 explorata]
1349 1385 1430 1450 Post
1452 1388 1531 1450 baee
1554 1387 1650 1451 verba
1675 1387 1707 1450 in
1729 1387 1842 1452 codiee
1865 1388 1981 1452 laeana
2003 1385 2125 1475 reperi·

509 1499 573 1552 tor.
598 1527 639 1538 -
663 1513 762 1576 quum
788 1490 843 1554 ille
864 1490 957 1554 robis
981 1490 1118 1570 bellum]
1145 1489 1347 1555 Gronovium
1371 1503 1504 1554 secutus
1527 1489 1638 1554 addidi
1661 1505 1815 1578 pararet,
1847 1493 1925 1579 quia
1953 1493 2123 1580 aequitare

510 1617 713 1687 quuruqumu
735 1595 817 1656 milri
838 1596 969 1688 quidem
991 1619 1060 1659 aou
1087 1619 1235 1684 parare,
1264 1597 1326 1660 sed
1350 1617 1469 1684 perere
1496 1598 1605 1679 pa‘eue
1639 1595 1761 1662 bellum
1787 1597 1974 1662 videbatur.
2006 1599 2049 1661 Β.
2082 1631 2125 1647 -·

508 1693 713 1784 Artetaruml
740 1696 823 1760 Cod.
848 1697 1068 1762 artlaetaraua.
1097 1699 1146 1762 Ex
1169 1700 1317 1786 Appiae.
1342 1697 1470 1763 Maced.
1493 1697 1554 1778 IX,
1573 1701 1602 1761 1.
1618 1709 1651 1762 et
1667 1700 1697 1763 3.
1716 1700 1845 1764 restitui
1864 1699 2122 1764 Arthetaurum.

507 1798 580 1864 BC.
607 1801 648 1863 B.
696 1801 774 1863 vid.
803 1801 886 1864 inira
919 1825 991 1888 rap.
1022 1802 1075 1865 tt).
1106 1817 1139 1867 et
1166 1803 1219 1866 41.
1252 1842 1288 1852 -
1322 1805 1483 1892 Dolopiae
1511 1804 1597 1868 bella
1628 1804 1753 1888 intulit]
1782 1803 1884 1872 Recte
1909 1803 2122 1869 Gronoviusr

509 1892 642 1984 „Quotj
666 1903 816 1986 qtraeso‘l
839 1903 925 1967 baud
949 1903 1047 1968 dubie
1071 1904 1232 1969 bellam.“
1280 1907 1353 1971 Iloe
1375 1908 1407 1970 in
1426 1907 1525 1970 altera
1542 1905 1630 1970 Livii
1657 1907 1801 1971 editione
1819 1907 1952 1992 vulgato
1968 1905 2123 1995 praetuli.

508 2043 543 2054 -
572 2007 698 2093 precer]
722 2005 804 2069 Corl.
825 2019 982 2093 praeter,
1012 2007 1115 2082 literis
1137 2035 1197 2090 ra,
1222 2007 1255 2071 iu
1286 2009 1374 2097 qrrod
1406 2009 1598 2098 llopitarius
1628 2011 1662 2073 in
1693 2010 1820 2074 codicis
1847 2011 2023 2074 collatione
2056 2033 2124 2076 non

507 2119 731 2190 annotaverat,
755 2107 876 2172 lineola
899 2122 1082 2174 transversa
1101 2134 1270 2200 perperam
1294 2113 1450 2178 inductio.
1496 2113 1667 2178 Librarius
1692 2114 1778 2178 enim
1791 2137 1945 2202 praeeer,
1970 2127 2006 2178 ut
2029 2115 2122 2200 alibI,

506 2211 559 2277 vel
577 2235 698 2300 precer
720 2211 904 2299 scripturus
927 2225 1006 2276 erat.
1417 2215 1420 2220 ’

593 2369 674 2456 Cap.
697 2367 795 2432 XIV.
822 2367 943 2431 Ieroeia
964 2351 1078 2450 animi]
1102 2366 1186 2430 Cod.
1209 2365 1339 2453 ferocia
1362 2371 1499 2451 urrinnai,
1522 2391 1606 2432 eorr.
1629 2371 1743 2433 animi.
1788 2365 1944 2433 Nondum
1974 2392 2025 2432 me
2045 2392 2123 2458 poe·

506 2473 588 2538 nitet
608 2485 741 2538 auctore
762 2471 930 2538 Gronovio
953 2471 1148 2558 scripsisser
1170 2473 1299 2560 [brocia
1319 2475 1433 2537 nimia.
1457 2471 1532 2536 ΒΟ.
1578 2470 1749 2535 Librarius
1774 2473 1880 2552 enim,
1905 2497 2006 2558 quom
2030 2496 2122 2558 prae·

507 2577 628 2646 cedens
649 2581 776 2642 animos
806 2589 839 2642 et
866 2577 1051 2663 proximum
1080 2575 1207 2663 ferocia
1239 2577 1310 2640 eius
1342 2573 1446 2639 oeulis
1477 2575 1751 2654 obversarentur,
1786 2573 1881 2637 I'aeile
1910 2573 1953 2638 ita
1985 2597 2122 2661 peeome

505 2679 627 2768 potuit,
651 2691 687 2742 ut
708 2702 769 2768 pro
791 2681 894 2742 nimia
926 2678 1085 2743 scriberet
1114 2681 1240 2743 animai
1270 2690 1303 2740 et
1333 2701 1475 2743 errorem
1506 2701 1676 2766 perperam
1709 2675 1899 2762 corrigeret.
1951 2677 2121 2742 Bekberus

505 2783 700 2852 vocabulum
729 2787 833 2848 animi
859 2785 1031 2870 expunxit.
1086 2784 1163 2868 Quo
1192 2784 1282 2866 iure,
1312 2783 1383 2870 ipso
1406 2783 1536 2847 viderit.
1582 2781 1701 2870 Neque
1730 2793 1837 2846 tameo
1859 2781 1963 2846 babeo
1985 2807 2044 2846 eur
2066 2807 2122 2847 ue·

505 2912 598 2976 pem,
622 2887 792 2952 librarium
815 2887 984 2952 vocabulis
1015 2891 1135 2952 areimis
1159 2900 1190 2952 ot
1214 2891 1362 2966 animos,
1387 2908 1470 2970 quae
1497 2884 1716 2968 praecedant,
1742 2881 1774 2943 in
1804 2902 1945 2943 errorem
1971 2879 2121 2966 potuisse

505 2992 631 3058 induri.
676 2992 829 3056 lacobsio
851 2991 883 3055 iu
907 2991 1005 3058 Notis
1028 2993 1061 3057 iu
1084 2992 1171 3058 Livii
1195 2991 1271 3058 Lib.
1291 2987 1461 3054 XXXIII.
1487 3011 1520 3074 p.
1547 2985 1622 3050 405.
1657 2984 1786 3070 vulgata
1807 2981 1906 3046 lectio
1929 3005 1969 3044 ex
1992 2981 2121 3046 duabus

504 3097 635 3162 videtur
656 3096 808 3170 eoullata,
829 3096 943 3176 altera,
963 3099 1180 3184 exasperavit
1198 3099 1324 3160 animoa
1339 3091 1469 3178 ferocia
1485 3087 1649 3176 Harpali,
1669 3087 1782 3167 altera,
1805 3087 1999 3172 exasperati
2018 3084 2123 3148 oaiaa‘

504 3197 635 3286 ferocia
657 3198 820 3282 Harpali.
850 3197 951 3281 Quod
982 3211 1017 3262 ut
1045 3198 1195 3280 credam,
1219 3223 1237 3262 a
1258 3219 1308 3259 me
1339 3194 1513 3284 impetrare
1536 3217 1602 3257 uon
1631 3216 1779 3280 pressum.
1807 3227 1845 3237 -
1869 3213 2017 3254 caussam
2041 3189 2120 3254 belli
2155 3201 2160 3218 '

505 3303 633 3390 queaeri]
662 3301 744 3366 cod.
769 3326 907 3366 eausam
930 3302 986 3368 ael
1011 3325 1146 3366 eausam
1178 3301 1256 3366 belli
1278 3303 1390 3392 quari.
1436 3299 1629 3380 Librarius,
1661 3295 1718 3384 qui
1746 3293 1831 3358 iul'ra
1854 3319 1926 3382 erp.
1953 3294 2005 3358 38.
2029 3293 2119 3359 uelle

504 3429 564 3498 pro
588 3405 685 3487 bello,
709 3404 803 3486 XLI,
831 3404 880 3468 14.
903 3408 1002 3470 uirras
1023 3428 1081 3492 pro
1106 3404 1222 3485 binas,
1242 3428 1315 3492 cap.
1342 3404 1391 3466 15.
1415 3405 1511 3468 auaris
1535 3424 1595 3488 pro
1618 3403 1712 3467 bortis
1735 3411 1834 3486 atque
1855 3395 1986 3480 XLIII,
2009 3397 2041 3462 2.
2066 3401 2120 3464 ais

505 3536 565 3602 pro
582 3515 631 3580 tis
648 3522 680 3576 et
694 3514 829 3577 uieuaio
852 3535 912 3600 pro
928 3511 1060 3575 biennio
1077 3509 1202 3598 posuit,
1227 3511 1368 3598 primum
1388 3531 1524 3574 causam
1539 3506 1624 3572 uelli
1645 3519 1704 3594 pro
1727 3503 1807 3572 belli
1829 3501 2012 3588 scripturus
2037 3512 2117 3566 erat.

503 3655 544 3667 -
568 3641 605 3683 ae
629 3615 765 3704 Satyros
788 3615 957 3703 princeps]
978 3614 1061 3678 Cod.
1087 3614 1257 3702 barsaba
1280 3615 1389 3678 iturus
1407 3613 1573 3698 princeps.
1610 3607 1705 3691 Quae
1727 3603 1809 3694 quid
1835 3603 1899 3667 sibi
1924 3603 2038 3686 reliut,
2062 3603 2119 3669 alii

503 3721 647 3788 viderint
670 3745 720 3785 nro
735 3719 920 3807 peritiores.
967 3715 1166 3806 Grynaeum,
1191 3743 1291 3808 (prum
1308 3713 1485 3803 Appianas
1504 3696 1635 3777 Maced.
1655 3707 1718 3791 IX,
1731 3709 1763 3770 2.
1780 3705 1975 3795 sirupIIeiter
1985 3701 2119 3772 ‘Foditur

501 3827 575 3892 τινὰ
598 3820 800 3914 aperituntur
821 3832 1064 3904 eornruemoret,
1088 3823 1121 3887 in
1144 3823 1215 3888 eius
1237 3822 1369 3887 nomine
1392 3818 1596 3884 restituendo
1622 3815 1740 3879 Irnstra
1763 3813 1962 3895 elaborasse,
1986 3835 2118 3898 per-rua-

502 3953 575 3996 euur
605 3927 722 3990 babeo.
768 3922 1000 4006 Conieeeram,
1031 3923 1139 3989 locum
1168 3948 1241 3989 esse
1268 3924 1460 3990 lacunosum
1490 3931 1523 3985 et
1554 3921 1599 3984 ita
1632 3917 1850 4006 explendum:
1875 3941 1915 3982 ae
1934 3917 2044 4003 salsae
2066 3939 2120 3980 ae-

504 4031 670 4098 curationi
692 4027 821 4092 obviam
842 4029 954 4122 itarap
973 4029 1142 4112 princeps.
1188 4024 1274 4110 Quis
1288 4039 1395 4092 autern
1419 4023 1495 4089 talia
1518 4021 1690 4112 praestet?
1706 4057 1745 4071 -
1770 3991 1871 4103 (faed
1894 4043 1996 4106 quum
2018 4019 2119 4084 eonti-

503 4130 623 4221 gisset]
646 4129 749 4192 Reate
774 4123 940 4206 Doberos,
963 4122 1139 4210 negatione
1170 4145 1211 4186 ex
1240 4123 1390 4214 Appiani
1420 4128 1547 4194 verbisr
1581 4119 1749 4212 παρόντος
1769 4123 1830 4207 μὲν
1859 4117 1909 4188 ἔτι
1929 4124 1990 4188 τοῦ
2008 4117 2119 4206 Ἔυμέ·

504 4257 582 4311 νους
602 4226 641 4298 οὖ
664 4225 872 4318 repaginato,
903 4226 1050 4311 adiecta,
1082 4224 1292 4292 scribendum
1322 4226 1539 4292 existimavitr
1571 4225 1672 4314 Quod
1696 4249 1798 4318 quum
1825 4248 1893 4290 noa
1915 4228 2118 4316 coatipisret.

503 4337 577 4404 BC.
596 4338 639 4400 B.
678 4333 737 4398 Sie
751 4333 829 4397 alibi
847 4355 981 4419 quoque
996 4331 1111 4397 vocula
1126 4354 1194 4396 nou
1208 4331 1391 4418 intercepta
1404 4345 1466 4400 est.
1507 4331 1588 4395 Vid.
1607 4335 1782 4396 Annotatt.
1800 4327 1841 4393 ad
1856 4329 1930 4394 Liv.
1945 4327 2119 4413 XXXIII,

500 4441 556 4506 2⁰.
582 4463 616 4528 p.
639 4437 691 4503 47.
720 4473 755 4485 -
779 4436 971 4524 popularem
995 4435 1128 4526 qoirlem
1152 4459 1190 4502 aa
1214 4445 1338 4522 gratam
1361 4436 1496 4526 populis
1517 4435 1635 4518 Asiae]
1659 4435 1743 4500 Cod.
1764 4435 1962 4521 popularem
1984 4436 2119 4522 quidem

501 4551 637 4648 quidem
659 4551 827 4638 inprataar
846 4547 994 4634 populis,
1026 4547 1149 4612 omisso
1171 4547 1298 4622 Asiae,
1321 4542 1410 4632 qood
1435 4539 1606 4626 Gryoaeas
1629 4537 1768 4604 addidit.
1814 4538 1903 4604 Ilioe
1923 4559 1985 4600 aee
2006 4539 2118 4628 inpra-

502 4669 571 4724 tam
590 4653 723 4740 populis
746 4653 852 4718 Asiae
874 4651 1084 4718 scribendum
1105 4675 1179 4718 esse
1202 4650 1366 4740 suspicor.
1394 4688 1430 4700 -
1456 4647 1625 4738 donaque]
1650 4646 1734 4711 Corl.
1760 4648 1915 4739 donaque
1937 4647 2003 4728 rai,
2028 4647 2117 4733 quod

500 4757 583 4852 quid
605 4755 670 4822 sibi
694 4754 785 4838 velit,
810 4777 874 4820 uon
898 4753 1061 4842 intelligo.
1133 4793 1136 4804 ·
