4770 5994
1864 643 1891 716 9

370 818 400 887 ²l
424 811 523 888 Quid,
546 811 627 894 quoti
650 811 783 874 codicem
806 811 1069 872 t’isdaaossnsem
1092 831 1159 872 eum
1181 811 1377 894 Magusum,
1406 825 1487 870 nnnc
1508 810 1539 868 iar
1562 807 1723 892 deperditis
1744 807 1893 884 habendo,
1934 774 1949 796 ⁹

289 911 360 972 olim
384 893 574 976 coniunctum
598 915 699 989 luisse,
719 913 877 974 admodum
900 912 1052 996 probabile
1074 914 1201 974 videtur.
1247 913 1326 974 Satis
1348 915 1427 973 enim
1449 925 1578 989 constat,
1602 911 1736 972 codicem
1758 912 1894 996 Magan-

286 1018 380 1078 tinum
409 1021 440 1080 in
472 1019 547 1080 libro
571 1019 639 1080 XL.-
669 1019 757 1078 finem
777 1017 932 1092 habuisse,
962 1029 991 1078 et
1013 1019 1277 1080 vindobonensem
1299 1041 1316 1078 a
1339 1017 1415 1078 libro
1435 1016 1520 1078 xlii.
1542 1017 1659 1077 initium
1680 1013 1803 1100 cepisse.
1845 1015 1893 1076 De

283 1121 373 1182 huius
404 1126 548 1204 scriptura
580 1135 676 1182 autern
703 1133 782 1180 reete
811 1119 922 1182 dixeris
952 1120 1075 1194 endem,
1103 1143 1178 1204 quae
1207 1121 1245 1182 de
1275 1123 1418 1204 scriptura
1440 1119 1522 1182 illius
1542 1135 1573 1181 et
1591 1117 1772 1204 excerpendi
1792 1119 1893 1182 labore

285 1225 351 1288 Nic.
374 1225 553 1286 Carbachius
580 1227 611 1284 in
632 1223 815 1306 praefatione
840 1225 999 1286 Annotatis
1026 1247 1067 1286 ex
1087 1237 1207 1287 vetusto
1233 1224 1399 1308 exemplari
1426 1225 1477 1287 ed
1499 1225 1639 1310 Mugunt.
1661 1227 1783 1288 adiectis
1803 1241 1892 1310 prae-

288 1329 345 1390 lixa
368 1329 444 1390 dixit
468 1329 548 1390 lianc
571 1331 601 1388 in
625 1329 765 1390 modurn:
794 1327 965 1403 „Cetenrm
983 1349 1044 1390 non
1071 1331 1135 1392 eine
1164 1329 1298 1392 molestia
1327 1351 1360 1391 ac
1388 1331 1486 1390 taedio
1515 1330 1546 1390 id
1575 1331 1671 1390 facere
1691 1331 1778 1391 nobis
1798 1329 1892 1404 licuit,

284 1431 363 1512 quod
386 1445 430 1492 est
452 1431 549 1494 codex
570 1431 621 1492 ille
645 1453 704 1492 non
726 1445 839 1492 tantum
861 1432 936 1494 adeo
958 1435 1084 1516 antiquis
1103 1438 1231 1520 scriptus
1252 1435 1362 1511 literis,
1384 1449 1418 1496 ut
1438 1435 1494 1497 nisi
1517 1419 1553 1496 ab
1574 1449 1691 1497 assueto
1709 1435 1769 1519 legi
1794 1435 1892 1496 iraud-

287 1555 433 1620 quaquam
454 1543 560 1624 possit,
582 1541 909 1623 repuerascendurnque
930 1544 1145 1624 propemodum
1168 1542 1256 1602 nobis
1275 1540 1364 1602 luerit
1384 1541 1415 1599 in
1438 1541 1618 1602 noscitandis
1637 1539 1741 1616 literis,
1764 1540 1817 1602 sati
1832 1555 1892 1602 tm

285 1656 423 1724 connpte
446 1655 535 1724 atque
555 1641 742 1716 indistincte,
773 1655 807 1702 ut
827 1642 1034 1704 difficillimum
1056 1645 1233 1728 plerumque
1255 1646 1294 1704 sit
1315 1657 1435 1736 sensum
1457 1641 1586 1726 aliquem
1607 1643 1748 1708 elicere.“
1790 1649 1891 1730 Atque

282 1747 360 1808 itanc
381 1749 475 1829 ipsam
498 1749 536 1808 ob
559 1767 675 1808 cansam
698 1745 892 1808 Carbacltinm
916 1747 1039 1827 simque
1068 1747 1182 1808 socium
1214 1745 1385 1807 manifestos
1412 1743 1524 1806 librarii
1553 1760 1669 1808 errores
1697 1749 1728 1807 in
1750 1750 1891 1810 varinae

281 1849 454 1926 lectionum,
475 1871 562 1932 quam
583 1863 703 1924 vocant,
726 1852 872 1910 enotanda
893 1846 1013 1910 silentio
1034 1851 1218 1930 praeteriisse
1239 1851 1383 1930 suspicor.

369 2003 403 2082 3)
428 1999 559 2063 Basileae
590 2002 619 2062 in
649 2001 765 2062 officina
793 1999 977 2061 Frobeniana
1006 2021 1032 2062 a.
1056 1999 1148 2063 issi.
1177 2001 1350 2063 Editionem
1379 2001 1545 2086 principem
1574 2001 1712 2086 proxime
1734 2006 1891 2065 subsecuta

282 2121 326 2170 est
346 2105 528 2169 Frobeniana
550 2108 638 2169 altera
663 2129 688 2168 a.
713 2105 805 2168 1535.
829 2121 844 2165 a
865 2103 899 2165 li.
922 2099 1067 2166 Rhenano
1087 2117 1116 2165 et
1139 2102 1258 2189 Sigism.
1279 2102 1416 2182 Gelenio,
1436 2129 1524 2190 quem
1539 2102 1698 2171 Walchius
1719 2103 1890 2175 Emendatt.

280 2205 351 2272 Liv.
373 2233 402 2294 p.
423 2209 496 2272 ili.
519 2225 608 2293 atque
629 2203 788 2274 Goellerus
822 2206 856 2271 ad
880 2211 961 2270 Livii
989 2205 1069 2270 Hist.
1096 2205 1162 2270 Lib·
1185 2205 1334 2272 XXXlll.
1357 2233 1387 2294 p.
1410 2211 1482 2272 100.
1506 2225 1535 2272 et
1555 2213 1628 2278 358.
1658 2196 1795 2292 Grynem
1818 2235 1891 2295 per-

278 2337 378 2404 peram
402 2321 632 2390 substituerunt,
664 2321 802 2380 adornata
825 2333 855 2379 et
875 2319 923 2378 ltic
947 2310 1008 2376 illio
1031 2313 1198 2392 emendata,
1229 2315 1266 2376 de
1290 2338 1347 2396 qua
1368 2307 1440 2377 vid:
1456 2337 1532 2396 quae
1552 2314 1582 2374 in
1606 2313 1788 2398 praefatione
1808 2302 1892 2376 Liuii

280 2423 360 2488 Hist.
390 2421 458 2486 Lib.
480 2417 632 2487 XXXIll.
660 2446 686 2485 a.
718 2425 809 2488 1839.
834 2423 914 2484 edito
938 2421 1095 2504 praemissa
1122 2439 1152 2500 p.
1176 2419 1228 2481 48.
1259 2431 1321 2477 not.
1344 2421 1396 2482 26.
1418 2417 1496 2500 dixi.
1544 2415 1709 2498 Utramque
1729 2416 1891 2478 editionem

280 2528 358 2591 notIs
382 2523 470 2590 diod.
495 2535 523 2588 1.
545 2543 575 2589 et
598 2525 684 2589 Frob.
705 2530 735 2593 2.
759 2527 933 2612 significavi.
983 2519 1138 2604 Grynseus
1168 2536 1283 2596 autem,
1313 2535 1346 2581 ut
1370 2521 1408 2582 ad
1437 2537 1504 2582 eum
1531 2536 1679 2596 revertar,
1709 2517 1740 2580 in
1770 2512 1891 2581 lectoris

280 2629 520 2714 compellatIone,
544 2656 560 2691 a
580 2615 938 2692 Drakenborchio'Tom.
961 2624 1030 2689 Vll.
1055 2649 1085 2708 p.
1108 2621 1181 2684 225.
1203 2639 1247 2704 sq.
1277 2641 1338 2682 non
1367 2623 1435 2684 satis
1458 2635 1590 2682 accurate
1614 2619 1755 2704 repetita,
1776 2621 1814 2682 de
1835 2641 1891 2681 co-

279 2731 353 2794 dIcis
375 2731 631 2794 Laurishemensis
655 2731 767 2794 lacunis
792 2735 831 2792 ita
855 2733 1009 2813 exposuitt
1030 2722 1083 2803 „Sl
1102 2727 1177 2786 lorte
1196 2725 1280 2808 cupis
1303 2747 1400 2802 nosse,
1419 2740 1564 2806 quantum
1584 2747 1703 2807 quoque
1725 2727 1792 2790 loco
1814 2721 1891 2789 desit

282 2839 314 2898 itr
337 2839 384 2896 hls
407 2837 540 2916 quinque
563 2847 666 2892 recens
689 2837 814 2914 repertis
836 2831 937 2900 libris,
969 2831 1059 2900 sciro,
1088 2825 1279 2904 archetypum
1303 2821 1476 2884 universum
1499 2829 1741 2906 quaternionibus
1769 2829 1891 2913 triginta

282 2951 409 3020 quatuor
443 2947 595 3008 constare,
624 2951 750 3016 quorum
780 2927 890 3012 singull
919 2926 989 2988 lolia
1013 2939 1079 2986 octo
1108 2923 1279 2986 habuerant.
1329 2923 1426 2988 Unius
1448 2921 1512 2986 lolii
1534 2929 1655 2990 modum
1678 2927 1827 3016 intelliges
1849 2955 1889 2993 ex

279 3041 367 3126 primi
390 3039 457 3100 libri
479 3039 595 3099 duobus
617 3035 758 3116 deinceps
780 3032 962 3116 ingrasnus,
986 3043 1112 3110 quorum
1141 3025 1260 3088 alterius
1282 3025 1405 3086 dedas-it
1427 3023 1545 3090 Initium
1568 3044 1622 3104 est,
1646 3029 1766 3093 alterius
1787 3056 1888 3096 more:

277 3144 380 3226 [XLL
406 3155 453 3210 18.
478 3157 554 3203 exli.
578 3155 607 3201 el
630 3145 680 3202 20.
704 3135 774 3223 in]
798 3153 866 3199 itam
890 3158 925 3197 ea
946 3132 1071 3216 singulis
1093 3127 1172 3191 loliis
1194 3130 1394 3192 continemur.
1444 3130 1493 3192 Ex
1513 3155 1549 3194 eo
1572 3137 1798 3216 quaternionum
1829 3157 1888 3200 nu.

277 3266 360 3313 mero
390 3251 503 3334 primus
526 3245 624 3332 periit.
676 3243 809 3306 Proximi
831 3239 891 3304 duo
915 3253 1033 3302 exstant
1053 3237 1171 3318 integri.
1221 3233 1269 3298 Ex
1293 3246 1396 3320 quarto
1423 3254 1454 3300 et
1475 3241 1579 3322 quinto
1608 3265 1698 3327 supra
1725 3259 1887 3307 memorata

278 3357 441 3440 fingmento
465 3354 609 3413 duntaxat
631 3327 801 3432 supersunt.
845 3343 955 3406 Sextus
977 3355 1007 3404 et
1029 3339 1078 3401 alli
1099 3339 1239 3423 deinceps
1260 3355 1356 3424 usque
1379 3343 1416 3404 ad
1438 3347 1575 3426 quintum
1598 3343 1745 3409 decimum
1770 3365 1887 3412 exstant

279 3459 397 3544 integri
448 3453 592 3518 Decimus
622 3449 744 3536 quintus
775 3463 805 3511 et
833 3459 893 3510 tres
922 3447 1058 3529 proxime
1083 3455 1242 3525 sequentes
1272 3445 1494 3508 interciderunt.
1537 3445 1598 3510 Sed
1625 3449 1729 3512 ordine
1757 3449 1887 3535 proximi

275 3563 422 3624 habentur
444 3559 561 3644 integri
604 3557 652 3618 Ex
674 3552 821 3640 vIgesimo
844 3553 948 3634 quinto
971 3551 1163 3632 quaternione
1185 3549 1337 3629 petierunt
1358 3546 1418 3610 duo
1441 3569 1589 3628 extreme,
1616 3554 1686 3614 item
1708 3549 1768 3616 duo
1789 3552 1886 3618 medii
1936 3631 1939 3640 ‚

274 3661 363 3723 lolia:
395 3683 433 3723 ex
461 3662 599 3742 sequenti
626 3671 751 3740 quatuor
773 3655 888 3716 media:
918 3675 956 3714 ex
976 3653 1123 3736 vigesimo
1146 3654 1272 3736 septimo
1297 3649 1356 3714 duo
1386 3654 1502 3715 media:
1530 3675 1568 3716 ex
1591 3655 1728 3737 sequenti
1751 3661 1882 3738 unicum,

274 3783 336 3850 quo
358 3775 479 3850 quartus
500 3765 577 3825 liber
599 3761 716 3824 clausus
738 3763 848 3822 luerat:
872 3768 960 3842 atque
984 3773 1027 3819 tot
1048 3755 1126 3817 lbliis
1149 3753 1272 3816 liberis
1296 3755 1458 3819 diminutus
1481 3773 1535 3820 est.
1558 3751 1699 3842 'Reliqui
1720 3781 1775 3824 sex
1793 3761 1884 3846 quin.

274 3885 337 3934 tum
360 3872 470 3933 librum
494 3870 681 3930 continentes
703 3868 811 3951 Integrl
833 3875 912 3942 sunt,
934 3879 1051 3947 praeter
1072 3861 1254 3946 trigesimum
1278 3859 1394 3926 duobus
1418 3865 1559 3926 extremis
1581 3857 1671 3942 soliis,
1694 3883 1723 3928 et
1745 3859 1883 3932 ultimum

275 3975 372 4056 ptimo
395 3974 547 4047 duntaxat,
569 3963 700 4032 mutilos.
735 3967 809 4030 llam
833 3968 964 4028 omnium
987 3977 1167 4048 postremum
1190 3955 1377 4030 vacaverat.“
1409 3966 1493 4030 Haec
1516 3967 1684 4049 Grynaeus.
1717 3965 1778 4031 ssa
1800 3974 1884 4056 prius

276 4093 362 4160 quarn
393 4077 489 4139 codex
517 4096 555 4136 ex
584 4094 650 4136 arce
680 4073 872 4135 Ambrasiana
904 4071 934 4130 ln
965 4069 1174 4132 bibliothecam
1202 4069 1468 4134 Vindobonensem
1499 4073 1680 4147 deferretur,
1716 4075 1880 4137 secundum

276 4198 395 4262 quoque
418 4181 642 4262 quaternIonem
665 4179 797 4261 periisse,
820 4189 859 4237 ex
884 4195 920 4236 eo
946 4173 1131 4259 intelligitur,
1155 4175 1234 4256 quod
1257 4173 1309 4236 ille
1332 4197 1411 4236 nunc
1429 4175 1534 4257 incipit
1549 4197 1564 4233 a
1582 4175 1682 4238 verbis
1694 4177 1776 4258 XLl,
1795 4187 1823 4242 9,
1840 4215 1883 4229 ...

274 4303 335 4347 tum
357 4285 436 4344 cir'ns.
455 4285 495 4346 sb.
514 4281 658 4343 adiectum
683 4297 739 4357 est,
762 4295 837 4362 quae
860 4298 927 4340 cnm
950 4275 1063 4358 reliqna
1086 4277 1174 4336 lanius
1195 4277 1300 4358 cepitis
1322 4291 1404 4359 parte
1427 4275 1604 4339 Lambecius
1625 4303 1656 4361 p.
1681 4285 1753 4345 945,
1776 4307 1820 4366 sq,
1844 4279 1882 4346 „a

275 4391 509 4452 membranarum
532 4386 797 4467 antiquissimarum
821 4383 908 4443 iidem
931 4381 1076 4442 exhibuit.
1126 4379 1174 4440 Ex
1203 4392 1301 4440 nostra
1333 4379 1422 4462 igitur
1451 4381 1688 4464 computatione,
1719 4407 1811 4465 quum
1843 4389 1880 4450 de

275 4497 414 4576 quattuor
435 4499 465 4548 et
487 4487 605 4571 triginta
628 4489 869 4570 quaternionibus
891 4487 957 4547 sive
979 4483 1114 4546 ducentis
1136 4483 1320 4565 septuaginta
1344 4481 1460 4546 duobus
1484 4485 1562 4548 loliis
1585 4507 1638 4547 sax
1671 4490 1879 4568 quaterniones
1989 4513 1994 4521 ·

273 4597 382 4680 Integri
405 4607 434 4654 et
457 4593 493 4652 de
517 4593 621 4651 ceteris
644 4593 864 4676 duodetriginta
897 4588 966 4650 lolia
996 4586 1155 4670 perierint,
1190 4595 1308 4644 centum
1338 4587 1498 4670 nonaginta
1528 4611 1582 4650 sex
1612 4587 1682 4649 lolia
1711 4612 1879 4676 supersunt,

274 4715 399 4782 quorum
421 4697 559 4759 ultimum
583 4709 627 4757 est
645 4713 783 4756 vacuum.
828 4697 912 4774 Quae
946 4695 1065 4778 quidem
1094 4689 1167 4750 ratio
1199 4703 1271 4746 num
1299 4693 1469 4765 conveniat,
1499 4711 1554 4753 nec
1585 4714 1641 4768 ne,
1671 4691 1877 4776 lindliclrerus,

274 4807 326 4886 qni
346 4805 478 4866 codicem
504 4815 621 4864 centum
645 4798 806 4882 nonaginta
827 4801 921 4860 tribus
944 4797 1022 4861 toliis
1047 4812 1181 4860 constare
1205 4794 1292 4874 dixit,
1316 4799 1347 4857 in
1369 4816 1401 4857 re
1423 4803 1572 4881 praesenti
1594 4816 1762 4883 cognoscat.
