4770 5994
1843 673 1894 754 23

279 842 358 906 dett.
385 839 460 904 Lis.
484 861 517 925 p.
537 837 613 901 22⁴.
637 859 680 899 rre
700 837 730 899 is
760 844 850 898 esset
874 807 1098 918 supplendum
1118 851 1192 892 ease
1222 829 1376 912 coniecit,
1402 831 1776 917 &impertae-Cresius
1797 863 1840 906 ne
1866 840 1894 907 is

277 951 363 1010 esset
383 940 522 1006 addidit.
571 937 655 1002 llam
677 937 718 1000 sd
740 935 905 1021 liquidam
928 931 1067 1019 perduci
1088 954 1153 997 uon
1177 955 1276 1018 posse
1298 947 1446 1022 apparet.

362 1091 444 1178 Gap.
469 1087 531 1153 lX.
558 1087 592 1151 in
616 1086 722 1150 lacum
747 1081 881 1170 Martie]
906 1082 1153 1160 Cluveriumct
1175 1077 1425 1150 Lallemandnm
1451 1099 1585 1152 secutus
1615 1089 1648 1152 in
1680 1088 1779 1154 altere
1801 1091 1892 1162 Livii

276 1195 422 1284 editione
443 1191 582 1280 scripsi:
608 1193 642 1254 in
665 1189 776 1254 laeum
798 1189 939 1252 Martis.
984 1183 1137 1273 Namque
1166 1183 1473 1271 probabiliusest,
1503 1187 1600 1254 Marti
1625 1191 1736 1257 lucum
1765 1194 1894 1281 [totius²

277 1320 375 1387 quam
399 1295 504 1360 laeum
529 1291 632 1356 luisse
656 1302 894 1356 consecratam.
927 1287 1002 1353 Liv.
1017 1285 1168 1366 XXVll,
1195 1285 1244 1347 ll.
1270 1283 1385 1350 Ostiae
1408 1287 1497 1353 laesis
1518 1289 1559 1354 dc
1576 1291 1668 1357 coelo
1684 1305 1789 1360 tactus
1808 1297 1893 1364 inter

276 1393 429 1482 prodigis
451 1405 733 1476 commemoratur,
758 1391 846 1480 quod
870 1403 903 1456 et
927 1391 1053 1480 ipsum,
1078 1386 1145 1451 nisi
1167 1409 1264 1464 casu,
1297 1387 1402 1452 notari
1433 1414 1497 1454 non
1524 1394 1644 1480 potuit.
1678 1433 1718 1446 -
1745 1412 1893 1466 senatos·

278 1475 453 1579 consulto]
466 1493 633 1558 Gronovio
654 1505 799 1572 auctore,
824 1490 933 1557 addita
957 1491 1213 1580 praepositione,
1237 1491 1378 1578 scripsi:
1403 1517 1447 1558 ex
1461 1509 1597 1572 senatres
1614 1501 1774 1568 consulto.
1788 1507 1833 1570 B.
1850 1541 1891 1558 -

276 1595 318 1659 sd
340 1595 447 1682 legem
470 1606 503 1658 et
529 1593 672 1656 edietum
700 1591 846 1658 consulis
867 1593 1187 1658 senatusconsultum
1210 1591 1371 1657 adiectum
1394 1595 1468 1682 est]
1492 1597 1556 1662 llic
1586 1601 1689 1665 codex
1719 1603 1890 1671 Vindobo-

276 1700 411 1780 nensis,
440 1709 476 1761 ut
503 1717 602 1782 supra
632 1707 701 1758 not.
724 1695 755 1758 3.
781 1695 949 1782 prooemio
972 1695 1119 1763 subiecta
1148 1695 1238 1778 disi,
1269 1697 1387 1784 incipit
1414 1723 1431 1762 n
1466 1702 1595 1767 verbis:
1626 1743 1669 1754 -
1698 1717 1767 1770 tam
1796 1713 1888 1775 coiis.

276 1799 325 1865 οἳ.
349 1800 517 1862 adiectum
544 1806 603 1861 est.
628 1830 668 1843 -
691 1794 748 1881 qui
769 1817 857 1860 nune
889 1793 992 1878 esset]
1026 1794 1229 1861 Crevierium
1260 1808 1293 1862 et
1319 1796 1566 1867 Lallemandum
1598 1817 1731 1872 secatus
1759 1821 1892 1876 auctora

277 1899 418 1986 Sigania
440 1897 577 1984 scripsi:
602 1899 661 1988 qui
682 1908 760 1963 tune
782 1909 879 1964 esset.
900 1896 975 1964 BG.
998 1897 1043 1962 B·
1065 1931 1106 1946 -·
1129 1897 1216 1985 apud
1240 1921 1351 1964 corum
1368 1923 1464 1988 qrrcm
1483 1905 1779 1986 manumitteretur]
1802 1907 1885 1976 Cod.

277 2011 360 2088 aput
382 2019 497 2064 eorum
520 2020 617 2088 quem
640 2001 936 2064 manumitteretur.
983 1997 1036 2061 De
1058 1997 1186 2062 diversa
1209 1999 1359 2064 vocabuli
1392 2003 1485 2086 apud
1510 2005 1672 2092 scripturo
1701 2009 1770 2073 rid'.
1795 2007 1894 2076 llam·

277 2102 324 2166 dii
346 2099 528 2166 Tursellin.
555 2098 632 2162 Vol.
654 2097 681 2161 l.
706 2123 739 2186 p.
762 2097 836 2162 406.
881 2099 1054 2185 Grynueus
1075 2096 1243 2161 ediderat:
1275 2102 1366 2185 apud
1393 2101 1525 2188 sorum,
1554 2129 1652 2198 quern
1683 2113 1888 2178 manumitte·

277 2219 388 2288 retur,
419 2205 546 2270 verbis:
577 2207 637 2298 qui
663 2227 753 2268 nurse
783 2213 869 2270 esset
898 2203 991 2290 apud
1013 2199 1139 2288 sonem,
1163 2223 1335 2288 perperam
1359 2205 1556 2270 coniunctis.
1603 2207 1670 2273 Sed
1693 2211 1888 2277 Perizonius

275 2310 339 2373 ism
360 2305 450 2390 sate,⁴
471 2329 569 2393 quam
593 2304 802 2387 lambecius,
828 2305 941 2372 codiee
961 2302 1155 2389 diligentius
1178 2303 1339 2390 inspecto,
1364 2303 1551 2392 Gryuoeum
1575 2311 1695 2376 emeris
1716 2315 1888 2380 convince·

276 2421 339 2492 ret,
359 2409 473 2496 soram
496 2407 529 2471 in
552 2431 665 2472 eorum
688 2408 883 2486 mutandum
903 2430 989 2488 csse,
1011 2407 1194 2474 certissima
1217 2432 1295 2474 sanc
1325 2411 1512 2477 coniectura
1540 2417 1721 2503 perspexit.
1766 2417 1889 2494 Simili·

275 2522 327 2574 ter
349 2533 448 2600 snpra
472 2532 544 2597 cap.
568 2510 600 2574 2.
626 2533 685 2598 pro
706 2535 833 2594 eorum,
855 2512 945 2599 quod
967 2512 1248 2600 percontrarium
1271 2509 1398 2577 librarii
1422 2535 1565 2579 errorem
1590 2515 1626 2581 in
1650 2517 1764 2584 codice
1790 2519 1887 2589 exsti·
1920 2535 1922 2540 '

274 2615 357 2680 tisse
388 2613 534 2696 videtur,
561 2615 673 2700 linem
702 2637 776 2680 esse
805 2613 1051 2700 reponendum,
1072 2613 1277 2700 Scaligcrum
1307 2637 1372 2684 noa
1401 2614 1508 2680 latuit.
1554 2617 1664 2684 linias
1692 2635 1798 2688 eutem
1821 2599 1892 2704 loci

275 2718 534 2786 emendationem
559 2714 748 2782 Crevicrius
768 2718 812 2780 ita
835 2717 991 2798 absolvit,
1013 2729 1061 2798 ut,
1081 2716 1277 2804 pronomine
1299 2720 1360 2809 qui
1381 2715 1589 2804 interposito,
1603 2721 1782 2788 scriberet:
1798 2719 1893 2808 opud

277 2846 392 2888 eoram
422 2842 519 2910 poem
549 2821 608 2908 qui
636 2821 942 2893 manumitteretur,
964 2819 1053 2902 quod
1075 2819 1290 2884 Lallemando
1313 2820 1511 2904 astipulante
1530 2821 1653 2908 recepi.
1677 2825 1752 2889 ΒΟ.
1776 2827 1820 2890 Β.
1845 2861 1893 2910 -.-,

276 2937 314 2990 ut
334 2918 557 2986 iusiurandum
579 2913 684 3006 daret]
704 2915 783 3000 ¹Non
806 2918 890 2983 male
913 2915 1046 3004 quidem
1070 2919 1314 3006 Heusingerus,
1331 2919 1385 2984 cni
1403 2919 1773 3008 dampnum-Cresius
1795 2925 1889 2990 obss·

276 3038 371 3096 antus
395 3033 459 3102 cst,
482 3019 632 3086 voculam
654 3031 694 3084 at
715 3018 792 3084 coll.
815 3018 889 3085 Liv.
915 3019 1014 3104 Vlll,
1037 3019 1075 3104 6,
1095 3021 1129 3086 4.
1152 3035 1185 3086 et
1205 3021 1324 3102 xxa,
1351 3021 1405 3100 ll,
1427 3021 1459 3084 4.
1483 3021 1517 3086 in
1540 3027 1589 3088 uti
1607 3023 1794 3090 mutandam
1815 3048 1891 3090 esse

277 3126 437 3196 coniecit:
462 3123 652 3188 adversante
676 3133 783 3188 armen
807 3121 921 3186 codiee
944 3146 962 3186 a
985 3121 1122 3208 vulgato,
1138 3146 1204 3190 uon
1228 3123 1450 3188 discesserim.
1471 3163 1512 3176 -·
1534 3148 1631 3190 mauu
1654 3149 1719 3194 uon
1743 3128 1887 3218 mittere]

276 3210 367 3306 ldcm
390 3232 423 3296 in
447 3217 561 3298 codice
583 3215 774 3314 legitur‚its
797 3238 918 3310 lernen,
941 3239 977 3293 at
998 3227 1157 3316 scriptum
1177 3224 1221 3290 sit
1241 3200 1546 3308 ΙΙΙΙΤΊἙΜΪΛΓ,Ι
1565 3229 1659 3294 litera
1681 3235 1723 3298 N
1745 3234 1885 3318 adiecta,

276 3360 373 3426 quam
388 3355 449 3422 pro
465 3328 580 3396 vocale
603 3353 681 3404 narr:
702 3351 720 3392 a
740 3327 875 3394 librario
896 3329 1039 3416 positam
1058 3351 1145 3412 csse,
1166 3325 1362 3393 Lambecins
1387 3328 1469 3394 lalso
1486 3331 1677 3418 suspicatus
1696 3347 1758 3399 est.
1781 3331 1892 3402 lmmo'

274 3435 430 3504 librarius
463 3453 521 3520 per
549 3453 711 3512 errorem,
741 3453 808 3518 quo
833 3430 1026 3518 saepissime
1058 3431 1171 3518 lapsus
1195 3441 1263 3510 est,
1298 3431 1397 3495 serbe
1418 3456 1485 3497 aar:
1509 3437 1639 3500 mittere
1669 3440 1886 3524 repetiturus,

273 3563 316 3609 as
340 3536 487 3606 codicem
512 3532 607 3616 litura
631 3533 840 3616 deseruisset,
864 3535 992 3602 literam
1012 3537 1054 3602 N
1071 3533 1191 3614 lineola
1212 3533 1469 3622 superimposita
1489 3534 1661 3600 damnsme
1683 3538 1824 3606 videtur.

361 3703 441 3794 Cap.
466 3703 512 3769 X.
537 3703 616 3768 satis
640 3702 704 3769 sibi
727 3703 846 3770 virium
868 3704 1026 3771 adsersus
1047 3703 1131 3769 duos
1152 3699 1335 3792 exercitus]
1349 3701 1449 3786 Vide,
1473 3727 1513 3766 ue
1537 3705 1672 3770 verbnm
1696 3731 1767 3800 esse
1790 3693 1890 3778 inter?

276 3808 413 3888 ciderit,
439 3805 483 3870 ita
507 3805 766 3888 restituendum,
797 3821 833 3872 ut
858 3806 1004 3874 scribes:
1032 3809 1116 3878 ratis
1144 3830 1216 3873 esse
1238 3805 1303 3871 sibi
1324 3808 1447 3902 uirium
1470 3817 1533 3872 cte.
1584 3800 1650 3906 ste,
1667 3807 1798 3896 xttv,
1826 3791 1891 3879 26.Ι

276 3936 337 4001 pro
357 3913 441 3977 satis
463 3931 535 3976 esse
557 3907 589 3972 in
612 3906 725 3975 codiee
747 3911 866 3976 satiare
886 3911 1019 3996 legitur.
1046 3945 1086 3958 —
1110 3932 1177 3972 non
1198 3907 1395 3996 paludatus,
1420 3906 1491 3972 sinc
1520 3906 1708 3995 lictoribus]
1740 3909 1823 3978 Cod.
1854 3899 1890 3982 cl

276 4013 376 4081 Frob.
405 4015 434 4077 l.
462 4037 528 4077 noir
546 4011 716 4099 paludatis
740 4009 923 4078 lictoribus.
969 4009 1095 4076 Locum
1118 4011 1205 4077 baud
1227 4008 1327 4074 dubie
1351 4009 1561 4098 depravatum
1587 4009 1773 4078 Gronovius
1797 4030 1891 4106 recte·
2001 4093 2006 4102 ι

277 4115 472 4184 emendavit.
524 4113 640 4180 Simile
662 4114 776 4179 sitium
800 4114 884 4180 inira
911 4123 960 4177 ter
991 4113 1024 4178 in
1048 4115 1162 4180 codiee
1192 4114 1368 4201 reperitur.
1397 4149 1439 4163 --
1471 4112 1728 4202 ingessissetque
1751 4117 1887 4204 probra]

278 4221 363 4288 Cod.
388 4221 524 4308 inpeseit
544 4217 605 4282 sed
623 4214 771 4304 probra,
796 4216 849 4280 eui
880 4213 1051 4304 Grynaens
1083 4221 1274 4307 inqessisset
1300 4215 1428 4304 probra
1452 4213 1642 4298 substituit,
1673 4219 1825 4307 idemque
1852 4223 1886 4286 in

277 4323 378 4393 Frob.
403 4321 436 4384 2.
459 4319 590 4405 legitor.
619 4317 797 4404 Perperem
820 4316 919 4398 enirn,
937 4317 1003 4384 nisi
1020 4317 1104 4383 lorte
1124 4317 1349 4407 typographus
1365 4313 1562 4402 peccaverit,
1576 4315 1884 4386 Drakenborchius:

281 4423 401 4509 „biom
425 4418 547 4506 inquit,
572 4421 708 4506 ingessit
725 4416 872 4504 probro,
893 4417 1015 4482 omisso
1038 4419 1168 4506 copula,
1192 4417 1272 4484 editi
1297 4427 1371 4480 ante
1391 4413 1582 4482 lllodinm.“
1627 4416 1741 4507 Longe
1765 4415 1884 4507 tamen,

280 4551 381 4618 quum
407 4521 520 4589 rocula
542 4530 576 4586 et
594 4545 612 4585 a
633 4518 842 4608 praecedenti
865 4523 1022 4585 iactasset
1042 4521 1221 4612 intercepta
1246 4542 1318 4584 esse
1341 4518 1501 4600 rideatur,
1531 4531 1564 4584 et
1594 4523 1784 4612 inpressisset
1808 4550 1887 4612 pro·

280 4629 342 4694 bra
365 4625 508 4692 scribere
528 4621 738 4709 praestiterit.
771 4619 851 4685 Vid.
877 4643 961 4708 quae
984 4618 1025 4684 ad
1046 4619 1157 4706 XLV,
1185 4621 1233 4686 13.
1256 4620 1496 4704 annotavimus,
1521 4633 1553 4686 et
1576 4622 1619 4686 cl.
1648 4627 1818 4692 Annotett.
1844 4628 1885 4693 ad

280 4729 355 4795 biv.
380 4723 550 4808 xxxta,
572 4722 625 4788 38.
651 4745 685 4809 ρ.
706 4719 761 4784 ⁹7.
790 4757 826 4770 -
873 4719 974 4806 Quod
997 4745 1099 4809 quum
1122 4721 1243 4787 milites
1269 4723 1415 4788 consulis
1439 4721 1577 4809 imperio
1601 4722 1688 4790 dicto
1715 4729 1885 4794 audientes
