4814 5970
1896 711 1947 791 2⁷

328 891 424 976 ripun
445 889 563 954 Anisus
584 887 673 955 situm
694 893 724 950 et
743 886 907 960 somnians
931 887 1027 968 plebis
1045 887 1228 956 nobilitatum
1249 890 1335 973 vulgo
1356 909 1418 961 nan
1439 903 1571 964 monton
1589 911 1726 968 sanum,
1749 891 1800 955 sed
1825 911 1947 964 saman

329 999 460 1058 mantem
478 992 585 1053 dixisse
606 990 747 1053 videnlur.
793 989 837 1052 cl.
860 991 922 1054 Liv-
945 990 983 1066 ΙΙ,
1007 986 1058 1054 ³2.
1081 986 1132 1052 33.
1154 990 1211 1064 ΙΙΙ,
1232 989 1283 1053 54.
1304 987 1357 1054 61.
1377 987 1429 1058 67.
1452 991 1509 1066 iX,
1532 990 1583 1056 34.
1607 1001 1636 1056 et
1654 991 1780 1070 XXXIV,
1804 988 1834 1057 7.
1862 993 1946 1059 avia

329 1095 408 1160 Fest.
429 1094 478 1168 ΙΙΙ,
500 1088 573 1155 664.
593 1092 666 1155 Plin.
690 1091 725 1154 N.
750 1091 786 1154 Η.
803 1091 879 1166 XIX,
901 1090 932 1154 4.
955 1092 1121 1166 otiloni,
1144 1090 1196 1156 23.
1219 1105 1304 1175 atque
1324 1096 1427 1159 Festus
1449 1095 1479 1158 in
1501 1098 1592 1160 Sacer
1610 1116 1705 1160 mons.
1747 1096 1811 1157 Uno
1833 1103 1947 1160 unium

328 1197 401 1262 Livii
417 1197 482 1258 loeo
498 1197 549 1273 ill,
568 1193 619 1264 52.
639 1208 739 1258 castra
759 1201 794 1258 in
812 1207 912 1258 monte
930 1215 1016 1260 sacra
1033 1197 1178 1275 locavere,
1195 1203 1246 1263 sed
1268 1203 1365 1282 paullo
1385 1209 1451 1264 ente
1471 1202 1517 1265 bis
1538 1221 1659 1265 sacrum
1680 1213 1809 1265 montem
1829 1201 1943 1280 legitur.

325 1299 487 1383 Propterea
509 1301 651 1362 aebalus
674 1301 730 1362 laci
757 1301 919 1382 Integritatis
950 1309 1028 1362 reete
1050 1303 1174 1366 dubites.
1219 1305 1340 1369 Codices
1367 1314 1466 1370 umen
1496 1308 1531 1370 ed
1552 1325 1643 1371 torum
1668 1325 1770 1369 ornnes
1790 1307 1945 1370 tesimeni

325 1405 469 1486 vulgatam
490 1412 616 1468 tuentur.
1951 1405 1954 1412 '

410 1539 459 1601 DE
486 1537 626 1616 ..crisJ
649 1535 727 1602 ilaec
749 1536 881 1599 Pertzius
901 1558 931 1618 p.
956 1533 985 1600 4.
1006 1537 1056 1602 ubi
1077 1556 1133 1618 pro
1155 1537 1207 1600 der
1229 1541 1348 1622 Ausonq
1375 1540 1424 1601 des
1452 1551 1548 1602 ersten
1582 1537 1680 1602 Warts
1706 1559 1764 1602 scr.
1788 1540 1840 1600 das
1862 1537 1943 1600 Euris

324 1649 492 1714 resersus
518 1645 632 1718 Warts,
661 1655 690 1706 et
715 1665 746 1726 p.
769 1641 799 1707 8.
827 1645 876 1708 ubi
904 1665 958 1728 per
980 1645 1152 1726 typographi
1176 1662 1308 1705 errorem
1334 1641 1445 1705 tectis
1468 1661 1524 1724 pro
1550 1641 1665 1708 tectis
1687 1643 1807 1722 legitur,
1830 1643 1870 1705 ila
1891 1661 1939 1704 re·

326 1753 435 1828 stituit,
459 1759 491 1814 ut
513 1750 650 1812 detectis
672 1750 822 1812 scriberet.
866 1749 954 1810 Recte
981 1749 1115 1830 quidem,
1143 1756 1174 1810 ut
1197 1747 1320 1808 ridetur.
1364 1745 1484 1806 Meliora
1507 1753 1599 1818 certe,
1633 1763 1723 1823 quum
1750 1735 1888 1819 der'eclos,
1911 1743 1942 1805 id

326 1866 370 1923 est
391 1855 538 1940 depulsas,
560 1854 746 1919 scribendum
767 1876 831 1917 esse
853 1856 960 1916 lrustrn
984 1849 1168 1924 coniecerim,
1190 1871 1250 1912 non
1272 1857 1456 1912 succurrunt.
1485 1849 1559 1914 Nam
1578 1855 1608 1910 et
1629 1847 1695 1910 alibi
1718 1848 1792 1908 banc
1812 1864 1940 1926 prnepo-

325 1961 461 2023 sitiouom
484 1961 521 2020 ita
545 1961 691 2040 usurpari,
714 1961 843 2024 Horrdius
866 1958 1021 2020 Tursellin.
1039 1955 1105 2020 l'ol.
1127 1957 1163 2020 ll.
1184 1977 1214 2038 p.
1238 1953 1307 2018 184.
1324 1965 1352 2018 et
1370 1953 1439 2018 194.
1455 1975 1499 2038 sq.
1523 1955 1631 2022 docuit.
1678 1957 1774 2030 Quare
1796 1973 1854 2014 non
1878 1959 1941 2014 erat

326 2085 379 2130 cur
400 2066 530 2127 Pertzius
553 2065 722 2134 haesitaret,
747 2061 813 2125 coll.
835 2061 897 2122 Liv.
921 2061 948 2138 1,
976 2057 1023 2121 15.
1055 2063 1173 2124 obviarn
1195 2065 1318 2141 eqressi,
1348 2073 1381 2122 ut
1405 2065 1508 2144 patius
1535 2065 1598 2123 acie
1627 2061 1940 2138 dorostorensem

221 2155 235 2184 ¹
326 2170 437 2234 inclusi
458 2171 493 2232 de
518 2175 600 2232 tecn's
621 2169 832 2248 moenibusque
859 2167 1052 2238 dr'micarcnt,
1077 2163 1126 2225 ubi
1157 2165 1191 2226 ae
1214 2169 1295 2227 tertis
1324 2165 1482 2240 dimicare,
1511 2185 1567 2248 pro
1598 2185 1656 2246 quo
1686 2164 1814 2226 Portzius
1841 2161 1938 2243 paullo

325 2273 516 2354 negligentius
536 2289 671 2351 puqnwre
693 2269 827 2352 scripsit,
849 2269 931 2330 alitor
951 2268 1006 2330 dici
1028 2277 1163 2351 apparet,
1188 2287 1275 2348 quam
1295 2269 1431 2332 Loewius
1452 2269 1482 2331 in
1503 2269 1709 2351 Disquisitiono
1732 2269 1765 2330 ie
1783 2269 1940 2350 praeposi-

326 2380 417 2444 tionis
439 2375 479 2436 ἀι
501 2393 559 2438 usu
581 2375 661 2454 apud
680 2373 810 2446 Liuium,
825 2373 941 2436 Grimae
963 2394 989 2438 e.
1019 2371 1107 2436 1847.
1131 2375 1215 2448 edita,
1239 2393 1269 2456 p.
1293 2369 1324 2435 9.
1348 2376 1456 2438 slatrrit.
1501 2373 1575 2436 Nom
1602 2373 1636 2436 ile
1659 2378 1738 2438 tectis
1769 2374 1938 2436 montibus-

326 2495 382 2566 que
404 2477 565 2546 dimicare,
589 2475 618 2536 id
645 2483 689 2536 est
716 2475 751 2535 de
774 2473 846 2536 urbo
870 2482 899 2536 et
919 2475 1073 2538 moenibus
1101 2477 1137 2538 ab
1160 2479 1245 2540 hoste
1268 2479 1396 2542 obsessis
1418 2479 1593 2560 periclitari,
1619 2499 1677 2540 non
1700 2479 1776 2542 iileur
1799 2479 1940 2558 significat

327 2581 406 2662 quad
428 2599 466 2641 eor
485 2584 567 2642 tectis
588 2579 797 2660 moenibusque
814 2599 960 2661 puqnore.
1004 2580 1079 2642 illibi
1100 2590 1198 2644 muron
1217 2583 1330 2658 Livius,
1355 2583 1403 2662 qui
1425 2581 1524 2658 xxiv,
1548 2578 1600 2645 47.
1626 2585 1939 2659 na1·rorit,ilornanos

327 2701 389 2744 non
413 2687 479 2744 uias
501 2693 634 2756 tantrrrn,
662 2681 710 2741 sul
739 2685 929 2770 tectaletianr
952 2687 1097 2764 prosimu
1116 2697 1224 2766 partae
1248 2705 1420 2770 occupasse,
1443 2692 1562 2768 nepoti
1582 2707 1706 2770 superne
1727 2709 1761 2751 aa
1781 2689 1940 2750 uulnerari

320 2798 454 2876 possent,
477 2783 725 2871 praepositionem
748 2804 786 2850 ea
802 2803 945 2866 usurpare
960 2785 1069 2860 meluit,
1093 2786 1179 2848 veluti
1201 2788 1234 2862 V,
1255 2785 1307 2852 2¹.
1328 2789 1365 2853 ai
1380 2809 1455 2872 pars
1478 2810 1598 2852 auersos
1620 2795 1652 2852 in
1672 2793 1768 2852 muris
1789 2792 1939 2852 inuadunt

326 2889 433 2964 bootes,
449 2909 524 2976 pars
546 2889 680 2952 clanstro
692 2901 857 2968 portarunt
874 2888 1039 2964 revelluni,·
1058 2911 1143 2980 pars,
1164 2913 1255 2976 quum
1278 2913 1316 2956 ea
1336 2899 1417 2958 tectis
1438 2914 1516 2956 saca
1536 2895 1707 2978 tepulaoqne
1728 2893 1940 2958 annulieribus

327 3013 362 3056 no
383 2997 514 3058 seruitiis
536 2997 725 3063 iacerentur,
756 2992 894 3072 inserunt
923 2997 1021 3074 iqnes,
1048 3001 1077 3056 et
1099 2995 1226 3072 XXXIV,
1251 2993 1301 3059 ³9.
1332 2999 1643 3064 Acircnrnstantibus
1672 3000 1939 3080 exsuperioribus

326 3099 401 3164 locis
423 3099 546 3183 quidam
566 3097 722 3159 uulnerati
743 3108 833 3170 sunu
853 3115 926 3160 maa
944 3117 1117 3178 propressos
1138 3105 1202 3164 iarn
1224 3105 1313 3165 ctiam
1336 3119 1374 3163 ea
1397 3106 1478 3164 teou's
1500 3121 1561 3165 non
1583 3102 1643 3174 tela
1662 3103 1760 3176 motin,
1782 3101 1832 3164 sei
1854 3112 1939 3187 tequ-

327 3205 374 3266 lae
395 3222 509 3288 quoque
530 3205 719 3286 inopinantes
737 3199 941 3283 perculerunt.

412 3338 488 3402 ctist
509 3328 641 3398 MAGNO
665 3334 890 3414 titubant]
918 3335 997 3398 ilaec
1023 3353 1140 3418 quoque
1166 3331 1316 3408 Peruius,
1346 3350 1434 3410 quem
1462 3350 1492 3414 p.
1514 3327 1545 3394 3.
1568 3351 1659 3412 quum
1680 3332 1770 3399 nitere
1794 3333 1821 3398 U
1839 3333 1940 3402 literae

324 3441 467 3526 particulo
488 3440 519 3500 in
540 3439 728 3520 palimpsesto
750 3438 893 3520 supersit,
915 3457 975 3502 non
998 3435 1152 3510 ..LTUbl,
1176 3437 1228 3498 secl
1249 3435 1395 3500 ‚ULTUbi
1415 3435 1546 3500 scribere
1568 3435 1732 3516 oportebat,
1754 3457 1785 3518 p.
1810 3433 1860 3502 12.
1883 3457 1937 3502 vo-

325 3545 460 3610 cabulum
483 3542 617 3608 tumultu
638 3539 749 3604 librarii
767 3541 956 3622 negligentia,
979 3559 1067 3625 quam
1096 3559 1156 3604 non
1183 3541 1284 3604 mirari
1306 3540 1447 3616 debebat,
1479 3540 1510 3602 in
1536 3541 1702 3608 enantion
1728 3541 1834 3606 abiisse
1855 3551 1937 3614 retus

327 3659 405 3716 recte
426 3646 597 3710 emendavit.
640 3643 754 3710 Etenim
775 3643 921 3718 librarios,
945 3643 1053 3726 quippe
1075 3641 1208 3705 isanriaes
1230 3644 1326 3706 errori
1349 3643 1509 3719 obnoxios,
1532 3644 1619 3710 etiam
1642 3645 1838 3713 inandicibns
1860 3648 1936 3716 snti-

328 3752 475 3834 quissimis
497 3751 590 3828 iisque
610 3747 807 3828 palimpsestis
827 3747 973 3807 interdurn
995 3745 1121 3824 graviter
1141 3767 1292 3829 peccasse,
1326 3769 1412 3814 nemo
1433 3750 1560 3832 ignorat,
1604 3750 1667 3814 Viti.
1689 3761 1820 3817 nostram
1837 3753 1936 3836 Epist.

327 3860 363 3922 ad
383 3856 549 3919 Goellerunr
570 3873 601 3934 p.
615 3847 688 3915 478.
704 3871 768 3932 sqq.
792 3860 877 3931 atque
897 3850 992 3912 Reieri
1013 3850 1150 3915 audenda
1170 3861 1199 3914 et
1219 3852 1366 3916 Excursus
1387 3853 1423 3914 nd
1445 3855 1483 3918 ΙΙ.
1505 3854 1579 3916 Tulli
1596 3853 1744 3918 Ciceronis
1764 3855 1938 3922 urrunnun

325 3961 499 4041 Fragmenta
521 3957 626 4019 inedita
651 3971 681 4035 p.
705 3949 782 4017 2¹29.
806 3973 870 4034 sqq.
924 3953 1017 4029 Quid,
1041 3955 1119 4034 quod
1141 3956 1231 4017 multo
1254 3953 1369 4035 gravius
1390 3955 1501 4017 librarii
1522 3956 1674 4031 mundum,
1695 3959 1845 4036 mornado
1866 3961 1937 4026 mibi

324 4069 499 4160 persuadeo,
522 4067 598 4127 inira
620 4061 775 4143 reperitur.
821 4062 956 4123 Ceterum
983 4059 1080 4122 Livius
1101 4057 1367 4142 promiscueudixit
1389 4078 1456 4122 cnm
1480 4079 1587 4138 rnapno
1617 4059 1750 4122 tumultu
1777 4067 1806 4122 et
1827 4081 1936 4144 inspico

234 4153 244 4176 '
329 4171 472 4243 renarro,
495 4169 604 4228 omissa
626 4165 852 4248 praepositione.
883 4163 947 4226 vra.
966 4165 1028 4226 nn.
1052 4163 1101 4237 nr,
1124 4161 1176 4225 rr.
1199 4161 1301 4237 xxru,
1318 4159 1368 4224 u.
1391 4161 1543 4236 xxxin,
1570 4157 1616 4221 rs.
1639 4169 1668 4224 e
1689 4159 1737 4234 or,
1760 4157 1812 4226 nn.
1834 4164 1934 4245 xxvi,

328 4271 379 4335 40.
402 4269 531 4342 XXXIII,
552 4265 598 4329 lli.
620 4275 650 4328 et
670 4269 707 4328 ol.
722 4266 826 4329 blandii
846 4265 1000 4328 'l'ursellin
1021 4265 1085 4327 vol.
1107 4265 1143 4327 ΙΙ.
1166 4287 1196 4347 p.
1213 4262 1285 4327 152.
1301 4285 1367 4346 sqq.
1390 4275 1475 4346 atque
1495 4265 1596 4326 llritzii
1618 4273 1647 4326 et
1665 4263 1786 4350 sergeri
1803 4267 1934 4337 Grsmn.

326 4377 390 4440 Lat.
412 4395 442 4458 p.
465 4367 537 4434 39¹2.
560 4391 604 4451 sq.

404 4491 659 4592 'FUGIRN...Q·]
676 4508 721 4574 ux
740 4509 786 4582 iis,
800 4526 874 4590 prae
895 4523 985 4591 surpra
1007 4505 1042 4568 de
1063 4505 1176 4574 verbis:
1196 4509 1282 4572 arnbo
1304 4511 1448 4604 consulet,
1463 4519 1492 4577 ct
1510 4531 1586 4592 quoe
1608 4512 1743 4598 deinceps
1764 4527 1935 4603 sequuntur,

326 4618 542 4694 mamimus,
556 4616 623 4706 ⁸boc
645 4615 710 4684 loco
729 4631 794 4698 nou
814 4614 1047 4700 supr'nrtenrqnc,
1076 4610 1155 4690 quod
1176 4609 1308 4681 Penu'ns
1332 4613 1368 4680 ul
1387 4633 1477 4683 unum
1497 4614 1642 4682 Metellum
1662 4618 1778 4702 retulit,
1805 4622 1859 4687 sed
1879 4625 1936 4706 [g.

322 4734 490 4810 mauu
506 4721 693 4794 “tiberium
712 4738 788 4798 tete
808 4719 891 4788 asae
911 4715 1089 4804 bruliigitur.
1133 4713 1228 4782 barbo
1251 4715 1328 4782 eninr
1350 4717 1571 4789 consuescunt
1598 4721 1712 4824 Meropo
1734 4733 1763 4788 et
1783 4725 1934 4798 ennabboio

324 4829 495 4912 proauus,
517 4827 545 4900 si
566 4825 683 4910 effidem
699 4823 750 4897 nic
777 4821 814 4895 ab
840 4821 893 4894 ilio
921 4820 1052 4888 tironos
1074 4827 1136 4893 est,
1166 4837 1257 4902 uuum
1281 4818 1365 4904 plebs
1386 4819 1527 4906 unctum
1547 4823 1578 4893 tn
1598 4845 1650 4892 eos
1671 4825 1804 4900 lenset,
1827 4829 1938 4920 fugisse

1691 4935 1729 5000 ⁴0
