4814 5970
488 669 546 768 u

488 843 593 903 rotor
614 827 804 905 nemoribus
824 827 919 917 vulpi
940 829 1202 920 circumagatur,
1227 829 1273 898 ibi
1298 829 1385 897 uibil
1408 831 1561 902 salutm
1590 853 1674 901 6666.
1703 830 1778 900 ΒΕ.
1801 833 1846 903 13.
1879 867 1918 882 -
1947 833 1997 898 616
2024 855 2116 922 praa·

491 933 585 1024 beat]
608 932 692 998 cod.
714 936 745 998 is
762 931 960 1020 praebeant.
1004 931 1174 1004 Bebberus
1196 932 1300 1018 igitur
1326 943 1413 998 66616
1443 936 1490 1000 cis
1520 929 1554 998 16
1584 937 1626 1002 iio
1657 935 1805 1002 mutarit.
1850 935 1929 1004 Vid.
1959 959 2043 1024 6666
2073 936 2116 1002 66

494 1033 591 1116 XLI,
612 1035 644 1100 6.
669 1035 836 1102 66661661.
858 1067 901 1086 -
923 1033 1014 1123 6666
1043 1035 1186 1100 loturum
1217 1033 1274 1125 sit]
1307 1035 1391 1102 Cod.
1421 1040 1513 1130 6666
1540 1040 1575 1104 id
1594 1039 1749 1126 futurum
1773 1043 1830 1124 ait,
1855 1037 1955 1106 Frob.
1981 1038 2018 1104 l..
2034 1041 2118 1136 6616

493 1139 647 1226 {uturum
669 1141 725 1218 sit,
747 1138 801 1204 cui
823 1137 923 1204 Frob.
949 1137 980 1201 2.
1007 1137 1176 1226 vulgatum
1200 1139 1285 1211 66616
1306 1141 1490 1208 substituit.
1536 1142 1717 1231 Propterea
1742 1145 1823 1210 illud
1846 1143 2008 1212 revocari.
2039 1143 2114 1211 BC.

489 1243 540 1316 Β.
586 1242 757 1328 Grpnaeus
781 1240 868 1306 euim
890 1241 974 1306 bene
993 1242 1177 1330 perspexit,
1202 1242 1371 1312 librarium
1399 1246 1523 1335 ipsum,
1551 1259 1587 1314 ut
1608 1249 1745 1334 assolet,
1769 1272 1912 1316 errorem
1932 1273 1951 1314 6
1973 1273 2009 1314 66
2031 1270 2117 1317 com·

492 1345 632 1412 'missum
656 1345 853 1412 correxisse.
896 1345 1056 1411 Similiter
1076 1363 1176 1434 supra
1196 1368 1272 1435 cap.
1305 1348 1357 1412 12.
1389 1371 1463 1416 eum
1492 1349 1607 1418 ualido
1635 1375 1656 1418 a
1683 1371 1787 1420 marcu
1818 1375 1878 1442 pro
1907 1375 1981 1420 6666
2001 1354 2116 1421 ualida

496 1475 613 1534 marcu,
639 1449 705 1516 nisi
734 1450 817 1516 16616
844 1449 997 1516 librarius
1028 1447 1069 1514 a'd
1099 1451 1284 1538 proximum
1313 1473 1434 1515 nornen
1459 1452 1651 1542 Apriauum
1679 1453 1891 1534 aberraverit,
1918 1453 2032 1538 XLll,
2060 1453 2113 1520 57.

495 1568 617 1644 quarto
639 1582 674 1640 a,
697 1555 829 1621 inducta
853 1579 871 1621 o
893 1555 1000 1636 111666,
1016 1578 1086 1642 ,666
1109 1567 1244 1649 quartu,
1269 1567 1301 1620 et
1323 1552 1434 1634 XLV,
1458 1552 1511 1617 25.
1541 1558 1573 1620 si
1600 1557 1691 1645 quod
1715 1557 1752 1622 id
1780 1579 1862 1645 opus
1884 1569 1972 1626 66661
1999 1580 2062 1647 pro
2088 1560 2119 1624 si

495 1666 552 1730 oui
576 1685 658 1748 opus
684 1671 780 1742 66661,
804 1655 893 1746 6666
917 1656 1090 1744 Grpnaeus
1120 1679 1290 1746 perperam
1322 1653 1506 1737 substituit,
1534 1655 1569 1720 in
1597 1658 1712 1722 666166
1739 1657 1873 1744 legitur.
1920 1659 1996 1722 Vid.
2030 1680 2115 1747 6666

495 1760 801 1848 Drakenbarebius,
822 1758 876 1824 eui
898 1758 1064 1845 vulgatum
1087 1757 1254 1846 placuisse
1284 1757 1398 1840 miror,
1421 1757 1462 1822 66
1485 1758 1560 1824 1616.
1583 1759 1755 1844 ΧΧΧΙΧ,
1785 1760 1840 1841 26,
1869 1760 1902 1826 6.
1931 1757 2110 1826 annotavit.

496 1864 649 1930 Ceterum
673 1875 803 1952 praeter
824 1863 940 1927 llorat.
964 1860 1031 1926 06.
1061 1859 1091 1943 1,
1114 1860 1148 1942 9,
1177 1859 1229 1926 13.
1263 1863 1355 1952 Quid
1383 1867 1425 1932 sit
1453 1866 1605 1946 [61166666
1635 1889 1723 1948 cras,
1751 1866 1833 1956 supe
1861 1890 2037 1962 quaerere,
2066 1864 2111 1930 ci.

494 1969 566 2037 Lir.
586 1968 757 2053 ΧΧΧΙΧ,
782 1967 833 2031 12.
858 1967 986 2060 aliquot
1007 1969 1116 2046 66616,
1138 1989 1182 2030 cx
1204 1989 1270 2059 666
1293 1973 1498 2036 manumissa
1519 1975 1574 2052 sit,
1605 1971 1703 2052 61611,
1728 1973 1811 2064 quid
1837 1971 1884 2036 ibi
1908 1971 1981 2059 1161,
2011 1972 2109 2036 seire.

492 2073 586 2140 11666
610 2071 689 2137 alirn
712 2069 752 2134 dc
773 2069 872 2134 lanius
893 2068 957 2134 laci
981 2067 1144 2156 scriptura
1169 2080 1407 2135 commentatus
1430 2096 1515 2137 sum.
1563 2069 1659 2138 Nune
1682 2095 1787 2160 paene
1818 2071 1940 2154 malim,
1964 2081 2112 2155 transpo-

494 2176 568 2244 sitis
591 2173 774 2258 roeabulis,
804 2172 967 2238 scriberes
991 2174 1066 2238 illos
1093 2173 1179 2237 uilsil
1199 2173 1247 2254 id,
1276 2175 1368 2267 6666
1394 2173 1547 2261 [atterum
1575 2177 1631 2256 sit,
1662 2199 1838 2266 quaerere.
1869 2209 1908 2222 -
1933 2185 2026 2238 66616
2056 2171 2112 2240 6111

492 2279 681 2368 loricasque
702 2278 845 2364 tergere]
867 2277 995 2342 116616
1019 2277 1119 2342 Frob.
1142 2277 1173 2340 2.
1198 2275 1329 2364 legitur.
1355 2275 1438 2342 Cod.
1465 2288 1497 2342 ct
1521 2275 1623 2344 Frab.
1647 2277 1677 2341 1.
1699 2290 1870 2344 scutorum
1900 2277 1962 2341 alii
1988 2276 2111 2343 loricas

492 2393 637 2473 1666666,
659 2380 749 2470 6666
770 2391 871 2463 reete,
894 2381 1023 2470 opinor,
1045 2381 1078 2446 16
1100 2391 1197 2448 scuta
1219 2382 1291 2462 alii,
1314 2379 1376 2444 alii
1398 2379 1676 2469 loricas'terpere
1697 2381 1832 2446 mutari.
1850 2379 1924 2446 BC.
1935 2382 1978 2445 Β.
2012 2379 2108 2444 Ρ661·

493 2509 592 2574 quarn
615 2484 702 2549 enim
717 2495 811 2550 scuta
824 2495 960 2572 propter
971 2484 1172 2574 praecedens
1190 2485 1414 2579 bucculasque
1431 2485 1464 2549 16
1476 2497 1646 2552 serstorum
1666 2498 1735 2552 erat
1753 2498 1956 2574 corruptam,
1973 2485 2111 2551 alterurn

494 2590 556 2654 olii
574 2610 613 2652 66
634 2587 778 2670 facilius,
802 2611 902 2677 quum
923 2587 1125 2675 superlluunr
1152 2584 1328 2671 videretur,
1353 2587 1461 2676 potuit
1484 2588 1602 2652 omitti.
1634 2623 1676 2640 -
1705 2599 1761 2654 sut
1781 2601 1884 2654 morte
1907 2591 2110 2656 memorabili

492 2691 634 2756 inituros
657 2691 794 2775 bellom]
818 2689 902 2755 Cod.
923 2690 1147 2755 memorabilis
1169 2693 1323 2756 16116666.
1371 2688 1421 2754 Ex
1442 2687 1564 2754 Mureti
1584 2691 1770 2758 6661661666
1802 2697 1944 2759 inituros
1976 2693 2008 2758 16
2037 2695 2110 2784 flui-

491 2806 600 2880 turos,
624 2797 717 2862 euius
741 2796 846 2886 prima
869 2796 963 2862 litera
986 2795 1056 2862 166
1078 2805 1199 2859 mutata
1220 2795 1428 2882 praecedeuti
1451 2797 1611 2862 voeabula
1635 2797 1796 2876 adhaesit,
1817 2809 1943 2863 mutare
1966 2821 2031 2863 nan
2053 2797 2110 2862 du·

489 2903 606 2969 bitari.
630 2903 706 2970 Bc.
727 2903 772 2968 Β.
816 2899 873 2966 Sic
896 2900 993 2965 ctiam
1015 2896 1129 2980 XLll,
1150 2897 1203 2960 62.
1226 2921 1286 2986 pro
1306 2897 1399 2986 fiairi
1419 2901 1453 2963 16
1477 2900 1590 2965 666166
1619 2904 1732 2968 sinere
1761 2901 1893 2988 legitur.
1939 2900 2109 2968 loeobsius

489 3019 599 3074 tamen
623 3006 657 3072 in
681 3003 779 3070 Natis
802 3002 836 3067 iu
859 3000 948 3068 Livii
970 3000 1047 3068 Lib.
1070 2999 1239 3064 XXXlll.
1264 3024 1299 3087 p.
1322 2999 1396 3066 692.
1420 3001 1682 3068 Drakenborcbii
1709 3003 1866 3068 iudicium
1891 3006 2110 3070 6666166166

490 3109 704 3199 improbavit,
727 3119 760 3172 ot
784 3105 929 3172 seribere
956 3104 1088 3170 malnitc
1113 3113 1174 3167 aut
1202 3114 1309 3169 morte
1335 3105 1544 3195 maurorabili
1570 3105 1791 3173 inclinaturus
1823 3105 1958 3190 bellam,
1980 3105 2109 3192 66666

491 3213 616 3282 6661616
639 3211 802 3298 scripturo
821 3207 955 3294 longius
978 3207 1148 3274 discedere
1171 3204 1311 3272 videtur.

576 3341 658 3434 Cup.
674 3339 825 3408 XXXV.
840 3341 1027 3406 adcuratius
1051 3343 1220 3424 curantur]
1242 3337 1327 3404 Cad.
1352 3346 1542 3408 aceecratius
1566 3353 1718 3408 curatur.
1762 3341 1935 3408 Librarius
1959 3343 2012 3410 bic
2027 3369 2107 3435 666·

489 3471 556 3538 666
579 3471 639 3513 666
662 3470 752 3512 16666
775 3447 819 3511 116
841 3447 1004 3537 peccarit,
1027 3457 1077 3528 ut,
1100 3469 1202 3536 quum
1229 3449 1421 3513 accuratius
1443 3446 1631 3534 praecedat,
1655 3459 1796 3514 curatur
1818 3460 1954 3536 poneret
1975 3474 2035 3538 pra
2058 3475 2107 3516 66·

490 3551 618 3632 lemur,
642 3550 793 3639 666666
816 3549 977 3616 (16666611
1000 3549 1228 3616 emendatione
1251 3549 1386 3636 vulgato
1407 3548 1576 3615 substitui.
1599 3549 1676 3617 ΒΟ.
1706 3552 1751 3618 Β.
1797 3551 1895 3635 Quod
1924 3551 2001 3617 olim
2029 3554 2106 3620 6611.

489 3654 561 3723 cie.
585 3681 645 3748 pro
668 3655 772 3722 Areb.
797 3681 871 3746 cap.
898 3655 947 3721 ll.
969 3659 1060 3750 6666
1081 3661 1259 3725 obscurari
1277 3681 1344 3724 666
1363 3665 1481 3740 potest,
1503 3653 1705 3719 coniecerant
1729 3654 1966 3738 obscurantur,
1985 3657 2107 3726 dudum

487 3759 675 3850 reprobavi.
699 3797 742 3811 -
761 3758 907 3848 agendos
930 3759 1061 3844 6661616]
1081 3757 1166 3824 cod.
1182 3774 1245 3850 ape
1261 3761 1323 3824 dos
1342 3760 1354 3822 i
1376 3757 1509 3838 castris,
1532 3754 1576 3819 116
1595 3754 1742 3844 quidem,
1760 3769 1795 3822 ut
1818 3765 1881 3850 api
1903 3759 1936 3824 iu
1961 3774 2106 3826 extremo

486 3857 586 3932 'versu
610 3859 1129 3952 61166611666.-86666666ι]
1155 3860 1239 3926 cot.
1264 3858 1438 3924 66666666.
1483 3857 1588 3924 116616
1611 3859 1713 3946 igitur
1737 3860 1924 3931 Gronovius
1947 3864 2102 3949 coniecit,

486 3951 638 4040 'Coruum
660 3987 735 4030 6666
757 3963 981 4031 scribendum·
1004 3965 1079 4032 ΒΟ.
1094 3967 1137 4033 Β.
1157 4001 1198 4014 -
1220 3976 1317 4026 notae
1339 3959 1471 4026 616661
1494 3961 1558 4026 iam
1579 3961 1644 4028 sibi
1667 3975 1700 4028 61
1722 3965 1914 4053 prudentiae
1938 3967 2103 4054 homines]

486 4069 526 4137 ln
549 4070 650 4135 611666
671 4067 761 4134 Livii
783 4066 941 4148 editione,
964 4079 1088 4133 6161616
1112 4068 1285 4132 verborum
1313 4064 1449 4146 ordine,
1471 4065 1593 4132 rectius
1614 4067 1754 4153 scripsit
1776 4080 1878 4136 uotae
1899 4073 1966 4136 iam
1988 4069 2107 4141 sibiet

485 4173 568 4263 fidei
589 4185 621 4238 61
640 4173 838 4260 prudentiae
854 4171 1015 4238 homines.
1046 4209 1090 4220 —
1122 4169 1237 4259 quales
1262 4168 1302 4233 ad
1327 4169 1557 4236 Perrbaebiarn
1581 4173 1740 4238 transitus
1763 4175 1852 4260 siut]
1875 4177 1965 4247 Haec
1993 4181 2103 4248 1666·

488 4275 561 4342 6166
587 4274 756 4363 leguntur.
802 4274 922 4343 Editor
944 4275 1145 4366 bipontinus
1169 4273 1283 4341 neseio
1313 4298 1377 4365 666
1406 4275 1601 4342 66616611616
1631 4276 1785 4365 scripsitr
1816 4280 1925 4370 qualis
1952 4284 1999 4348 ad
2019 4288 2102 4350 Pcr-

485 4379 661 4450 rieacbiam
690 4379 853 4450 transitus
871 4383 927 4445 611.
960 4417 1002 4430 -
1028 4377 1204 4468 praesidiis
1234 4390 1341 4447 autem
1366 4379 1456 4468 66616
1478 4378 1648 4462 obsideri]
1677 4379 1744 4447 1116
1775 4405 1908 4473 666666
1932 4385 2102 4452 Crevierio

485 4483 664 4552 obsecutus
686 4486 776 4575 repis
798 4482 832 4548 16
853 4484 953 4573 666116
976 4482 1112 4549 mutari.
1135 4482 1211 4550 BC.
1234 4485 1278 4552 Β.
1310 4483 1390 4550 Vid.
1414 4505 1499 4572 6666
1522 4507 1622 4570 supra
1645 4482 1686 4548 ad
1707 4508 1780 4574 rap.
1805 4486 1839 4551 6.
1863 4487 2028 4552 66661661.
2059 4524 2103 4540 -

485 4586 619 4679 procul]
643 4587 717 4653 lloc
736 4586 944 4670 vocabalum,
969 4609 1068 4674 66666
1090 4588 1263 4673 provideri
1284 4598 1459 4674 sequatur,
1484 4586 1517 4650 in
1541 4597 1681 4674 6166666
1704 4587 1865 4653 Crevicrii
1888 4588 2033 4654 66111666
2052 4601 2102 4677 ty·

484 4690 648 4780 pograpbi
670 4689 768 4778 culpa
791 4691 950 4756 oroissnns
972 4701 1044 4756 6616
1066 4711 1176 4778 66666
1195 4699 1278 4772 6661,
1298 4711 1359 4754 cor
1380 4689 1583 4777 0666166166
1606 4689 1774 4758 1166616616
1795 4693 2033 4779 indignaretur.
2056 4729 2102 4746 -

483 4792 630 4881 nequid
652 4814 709 4859 666
733 4799 930 4872 moraretur]
950 4793 1018 4861 Pro
1042 4815 1098 4860 666
1120 4793 1154 4858 16
1178 4794 1294 4862 666166
1315 4795 1438 4884 legitur
1455 4810 1540 4883 ctus,
1561 4797 1651 4888 6666
1675 4821 1715 4864 ax
1736 4802 1807 4866 cius
1828 4809 1936 4864 ortum
1958 4796 2098 4868 ridetur.
