4814 5970
297 909 408 976 merit.
455 907 533 991 Quo
556 905 642 971 lacto
666 903 793 972 librarii
815 905 1092 996 praepositionem
1114 907 1161 989 in,
1183 927 1268 996 quae
1288 905 1548 996 desiderabatur,
1563 931 1681 980 rursus
1704 911 1915 982 attttmt.

297 1039 340 1063 -·-
361 1009 516 1098 Ι11ιοι·ιιιιι
548 1012 655 1094 nutu]
685 1009 750 1074 llic
779 1032 845 1075 nou
868 1009 1101 1090 Perizoniem,
1125 1007 1184 1096 qui
1208 1033 1323 1075 comem
1347 1021 1433 1078 uutu
1461 1036 1478 1077 a
1507 1013 1672 1086 lliittuerc.
1697 1015 1915 1106 tpprubatum

296 1115 419 1195 sursit,
449 1112 507 1178 ιιι
532 1111 747 1195 Crevicrinnt,
780 1111 832 1177 cni
864 1111 1033 1178 lacobsiua
1061 1110 1187 1200 peritur
1215 1136 1253 1179 ac
1279 1112 1481 1184 Benedictus
1511 1115 1702 1186 Obserrett.
1723 1119 1799 1188 Lis.
1821 1144 1857 1209 p.
1879 1117 1914 1186 li.

297 1243 349 1309 sq.
372 1217 589 1306 astipulatur,
614 1223 748 1280 secutus
771 1215 978 1282 llltodiorum
1008 1227 1093 1282 ιιιιιιι
1124 1215 1225 1284 etlldi.
1248 1219 1323 1286 BG.
1346 1223 1391 1286 lt.
1436 1219 1575 1310 Quippe
1604 1223 1742 1312 primum
1770 1221 1913 1292 nominis
1959 1207 1962 1218 ¹

298 1323 486 1403 meliorum,
507 1331 544 1386 nt
565 1318 644 1384 alibi
667 1316 702 1382 iu
725 1317 842 1384 codice
863 1315 1032 1399 scribitur,
1056 1318 1213 1406 syllabam
1235 1347 1252 1385 a
1275 1323 1377 1388 verbu
1397 1345 1518 1412 erpere,
1542 1323 1633 1412 quod
1654 1317 1843 1415 praecedit,
1865 1323 1914 1390 in·

295 1439 475 1515 terceptam
499 1448 572 1492 esse
595 1437 742 1514 apparet.
787 1424 940 1489 Ceterum
965 1423 1189 1511 interrogandi
1220 1437 1315 1492 nutas
1346 1438 1479 1492 uncturc
1502 1426 1857 1516 &marten-Credo
1879 1429 1914 1496 iu
1981 1457 1986 1466 ·

295 1533 422 1600 minore
446 1529 533 1598 Livii
563 1529 710 1595 editione
732 1528 841 1594 verbis
866 1551 987 1619 opere,
1009 1531 1177 1595 Romanos
1201 1551 1289 1610 esse,
1317 1538 1352 1594 et
1373 1527 1521 1596 llltodios
1547 1529 1720 1600 dubitamus
1743 1533 1913 1622 oppositus

295 1661 384 1702 nuuc
407 1634 596 1701 deleverim.
626 1671 669 1683 —-
701 1633 794 1698 ltrue
824 1633 955 1697 tandem
984 1631 1025 1697 iis
1048 1633 1225 1720 parcetur]
1254 1629 1339 1697 cot.
1361 1636 1455 1698 itane
1478 1634 1613 1699 taudem
1634 1637 1663 1702 is
1683 1639 1851 1724 parentur
1869 1639 1912 1706 is.

293 1739 394 1808 llnuc
421 1739 454 1804 in
485 1736 617 1802 modum
650 1735 818 1800 llelrlrcrns
847 1745 981 1800 enotare
1008 1735 1148 1802 debebat
1176 1733 1299 1801 codicis
1323 1734 1533 1825 scripturam,
1564 1759 1606 1802 nx
1629 1759 1695 1826 que
1714 1737 1863 1804 seculum
1881 1742 1912 1806 is

293 1867 310 1908 e
340 1842 477 1908 librario
507 1839 558 1905 bis
589 1839 731 1928 positem
759 1862 833 1905 csse
862 1839 1072 1926 intelligitur.
1128 1837 1331 1927 Propterea,
1361 1839 1560 1929 prcuumiue
1581 1843 1622 1908 iis
1642 1854 1719 1930 post
1744 1851 1911 1930 parentur

291 1945 436 2026 inserto,
469 1942 660 2030 ceteroquin
691 1941 859 2008 Crevierio
889 1943 1090 2027 obsecutus,
1118 1953 1241 2008 mutate
1271 1941 1443 2010 verborum
1475 1941 1740 2031 interpunctione
1769 1943 1908 2034 scripsit

291 2051 392 2118 ltuuc
412 2047 571 2113 tandem?
601 2047 652 2112 Ni
676 2055 841 2132 parentur·
867 2046 927 2125 iis,
951 2047 1187 2140 exercitusque
1207 2047 1249 2110 de
1275 2037 1482 2112 Macedonio
1511 2047 1748 2135 deportentur,
1777 2049 1909 2116 uiueres

293 2177 377 2234 esse,
402 2151 486 2247 quid
511 2149 576 2216 sibi
594 2147 788 2236 [uniendum
810 2147 878 2212 sit?
899 2145 975 2212 ΒΟ.
999 2147 1042 2216 Β.
1088 2147 1261 2217 Librarius
1285 2151 1392 2237 euim,
1422 2151 1581 2241 particula
1603 2155 1641 2218 ni
1661 2165 1799 2246 propter
1819 2175 1911 2244 pree·

291 2257 413 2324 cedens
445 2255 579 2320 taudem
607 2250 750 2334 cmiter,
781 2271 964 2338 pronomen
995 2252 1055 2335 iis,
1084 2253 1173 2340 qnod
1204 2253 1405 2321 Benedictus
1432 2253 1622 2323 Observutt.
1651 2255 1726 2322 Lis.
1754 2279 1788 2345 p.
1812 2255 1844 2322 7.
1875 2267 1910 2326 ot

290 2358 521 2446 Heusingerns
542 2353 677 2420 voculae
695 2356 733 2419 ni
761 2353 995 2437 subiecerunt,
1024 2354 1057 2420 iu
1087 2358 1116 2422 is
1144 2369 1303 2425 mutatum
1333 2360 1475 2449 primurn
1505 2359 1605 2426 verbu
1631 2373 1798 2450 parentur
1823 2361 1909 2430 mele

290 2464 496 2556 praeposuit,
519 2459 651 2545 deinde,
673 2483 783 2527 errore
807 2459 988 2545 intellecto,
1010 2473 1098 2527 recte
1122 2463 1324 2552 postposuit.
1370 2462 1489 2530 Paullo
1519 2463 1615 2532 uliter
1641 2468 1679 2530 ni
1699 2461 1909 2554 oblitemlunt

292 2578 344 2632 est
365 2566 450 2632 inlre
473 2589 548 2654 cap.
575 2563 626 2630 111.
650 2564 707 2632 ubi
729 2587 790 2653 pru
812 2567 986 2650 nuntiare,
1009 2568 1047 2632 ui
1068 2566 1101 2630 in
1126 2567 1241 2634 codiee
1262 2571 1460 2634 enuntiarent
1478 2559 1612 2654 lepitur.

373 2697 458 2788 Cap.
473 2699 571 2766 XVl.
596 2707 796 2766 commeatus
816 2709 998 2784 eprectore
1021 2712 1216 2786 prospectos
1239 2701 1274 2765 iu
1295 2700 1434 2766 biemeru
1456 2699 1593 2784 bebere]
1606 2699 1909 2770 Weisseubcruius

288 2805 399 2870 Leett.
422 2803 497 2866 Lir.
522 2801 612 2866 Part.
638 2799 684 2866 ll.
709 2822 743 2887 p.
770 2799 821 2862 ll.
841 2809 911 2864 not.
934 2799 967 2865 7.
991 2797 1144 2885 Sigoniu,
1165 2797 1223 2886 qni
1247 2822 1307 2887 pro
1330 2823 1437 2888 remp.
1461 2800 1531 2866 siue
1554 2803 1804 2891 rempublicam,
1827 2825 1908 2892 quu-

286 2935 359 2979 rum
382 2909 464 2975 illud
484 2907 518 2974 in
539 2905 639 2974 Frob.
660 2905 689 2970 l.
710 2905 773 2970 bno
789 2904 822 2970 iu
839 2903 940 2970 Frub.
959 2904 991 2970 2.
1014 2903 1147 2991 legitur,
1172 2928 1192 2967 o
1212 2914 1371 2991 praetore
1389 2902 1629 2971 restituendum
1652 2903 1794 2989 censuit,
1817 2915 1908 2971 recte

288 3016 498 3082 adversetnsr
522 3009 687 3094 „bliscre,
711 3007 833 3096 iuquit,
857 3006 1034 3074 laceratum
1053 3008 1163 3073 locum
1186 3006 1292 3072 codex
1314 3007 1460 3092 exbibet,
1484 3007 1606 3098 inquo
1628 3005 1905 3098 breclsguoturr

286 3143 359 3187 rem
389 3117 510 3202 [immo
532 3115 662 3205 remp]
686 3122 901 3200 prospectos3
924 3133 1010 3200 quae
1033 3106 1422 3200 qoonsto'emeutsota
1444 3111 1513 3178 siut
1533 3111 1621 3180 baud
1644 3109 1741 3179 laeile
1770 3109 1905 3177 dixeris.

286 3219 491 3288 Tentabumr
512 3219 710 3306 redemptos,
731 3225 941 3304 prospectus,
968 3227 1004 3281 nt
1025 3213 1149 3304 duplex
1170 3227 1408 3282 commeatuum
1430 3239 1537 3304 genus
1558 3215 1811 3285 discerneretur.
1837 3213 1906 3282 Sed

288 3321 404 3388 dubito
427 3332 460 3388 ιι
481 3318 560 3386 mibi
584 3319 650 3408 ipsi
676 3315 828 3383 dillido.“
874 3314 982 3382 Nobis
1010 3315 1165 3383 librarius
1197 3319 1315 3407 primis
1339 3319 1492 3388 vocabuli
1517 3330 1712 3411 prospector
1735 3317 1841 3388 literis
1870 3319 1906 3386 ie

285 3446 431 3494 errorem
453 3423 608 3489 inductus
632 3445 737 3510 remp.
762 3421 796 3488 iu
817 3431 965 3486 extremo
988 3443 1085 3488 versu
1112 3422 1278 3510 posuisse,
1306 3445 1390 3507 neo,
1411 3437 1448 3490 ut
1474 3433 1638 3511 pareret,
1666 3419 1830 3487 delevisse
1858 3415 1906 3486 ri·

287 3529 395 3596 detur.
430 3525 520 3613 Ergo
541 3527 603 3591 boc
626 3522 821 3590 vocabulum
843 3545 910 3586 nou
933 3525 968 3588 iu
987 3521 1079 3588 alind
1101 3525 1306 3608 mutandum,
1321 3527 1381 3592 sed
1403 3523 1638 3594 eliminsndum
1660 3543 1847 3590 censemus.
1864 3553 1903 3570 -·

288 3655 347 3700 ιιι
369 3627 472 3696 millia
499 3624 670 3710 togarum]
694 3621 778 3689 cot.
802 3626 1008 3710 uitseurnm,
1039 3627 1128 3716 quud
1149 3653 1209 3718 pro
1233 3615 1294 3697 177
1312 3643 1466 3721 topnrum
1486 3629 1633 3718 positum
1658 3649 1732 3693 esse
1755 3634 1903 3714 sppsret.

287 3735 368 3808 Vid.
392 3755 477 3823 quse
500 3727 541 3795 ad
560 3727 673 3811 xtnt,
696 3725 749 3792 tu.
774 3728 940 3794 annotavi.
973 3765 1011 3780 -
1041 3734 1192 3822 quotidie
1215 3737 1266 3802 bis
1291 3737 1325 3803 in
1348 3739 1423 3824 dic]
1453 3736 1536 3804 Cod.
1560 3737 1681 3804 cotidie
1701 3733 1751 3800 bis
1773 3735 1810 3798 in
1836 3732 1902 3798 die.

287 3836 527 3907 Emendatiune
549 3833 596 3900 nti
620 3831 787 3916 lucilllrna,
810 3832 867 3916 ite,
891 3845 928 3900 ut
950 3834 1119 3924 opinabar,
1144 3840 1326 3906 certissime
1344 3841 1571 3931 reponendum
1593 3838 1727 3908 censuit
1755 3837 1905 3931 quotidie

286 3943 335 4010 bis
358 3943 499 4008 iudicem
522 3937 669 4028 foederis
692 3939 749 4002 isti
769 3959 843 4006 cum
865 3940 1025 4006 llumcnia
1042 3941 1248 4032 perlegendi.
1278 3940 1353 4008 tto.
1405 3940 1543 4031 Quippe
1575 3951 1700 4009 certum
1728 3935 1902 4024 habebam,

286 4047 482 4116 vocabulum
506 4045 629 4129 indice,
650 4041 683 4106 id
709 4053 760 4107 est
781 4041 935 4124 indicem
959 4067 977 4107 a
1000 4043 1134 4109 librario
1157 4046 1360 4135 nescioquo
1382 4045 1466 4112 mule
1488 4045 1653 4113 divulsum
1675 4053 1775 4132 etque
1802 4042 1838 4108 in
1869 4045 1904 4108 iu

286 4155 341 4220 die
361 4160 520 4218 mutatum
543 4169 629 4214 esse.
677 4141 975 4214 Weissenboroiua
998 4159 1112 4214 eontm
1140 4149 1174 4214 in
1196 4147 1491 4216 observationibus
1514 4145 1679 4229 Liuianis,
1706 4167 1791 4236 quse
1811 4143 1902 4212 blas.

285 4251 401 4321 Febr-ii
429 4261 462 4316 ιι
490 4249 546 4316 Fr.
579 4248 835 4315 Zimmermanui
865 4249 1127 4317 commentariisr
1157 4251 1355 4340 Zeitsclrrill
1381 4251 1442 4341 fiir
1470 4251 1525 4316 elie
1555 4249 1904 4317 Altertbumtwissen·

284 4353 397 4440 arbuti
418 4373 448 4414 a.
475 4347 567 4414 1811.
594 4349 654 4416 Νι.
684 4349 754 4414 tot.
784 4359 818 4414 ιι
844 4347 915 4414 tot.
941 4349 1088 4418 inclusae
1116 4363 1206 4436 sunt,
1229 4353 1318 4419 Livii
1349 4353 1458 4421 verbis
1482 4377 1516 4442 p.
1540 4351 1616 4420 859.
1639 4353 1720 4420 brec
1742 4352 1902 4420 subiecitr

283 4461 392 4545 „Quo
411 4457 486 4522 luco
508 4478 582 4521 cnm
598 4453 755 4520 Dulrerus
773 4455 978 4540 alterutrum,
993 4455 1045 4523 rel
1058 4457 1219 4550 qnotidie,
1236 4458 1288 4522 rel
1303 4463 1337 4524 in
1359 4459 1426 4544 die,
1450 4459 1566 4526 ebesse
1588 4476 1687 4548 posse
1702 4457 1901 4544 censuisset,

285 4557 577 4630 Drakenburebins
601 4554 749 4652 quetidie
772 4559 970 4642 delendum,
1002 4573 1034 4625 ct
1056 4564 1090 4624 in
1112 4560 1198 4624 diem
1219 4556 1428 4626 scribendum
1453 4560 1581 4626 etstnit.
1626 4559 1694 4630 Sed
1717 4572 1754 4638 ut
1775 4559 1816 4626 de
1838 4585 1900 4626 nu·

284 4659 438 4752 κοφωνίᾳ
468 4673 612 4741 taccam,
644 4682 727 4746 qrrae
755 4683 796 4724 ex
822 4663 883 4726 bro
905 4661 1094 4728 coniectnre
1119 4660 1261 4751 repetito
1284 4662 1383 4728 verbu
1407 4665 1493 4729 diem
1516 4663 1633 4750 oritur,
1659 4665 1789 4732 facilius
1810 4667 1903 4731 diet

283 4769 419 4834 librario
439 4767 479 4832 ed
503 4763 749 4832 antecedentem
773 4786 884 4828 rocem
909 4765 1056 4858 quotidie
1079 4761 1267 4831 recurrente
1291 4764 1393 4832 scribi
1423 4766 1572 4854 potuisse
1604 4767 1770 4860 qniapisru
1793 4767 1901 4856 suspi-

285 4883 387 4938 cetur.
423 4867 493 4954 Qui
516 4893 606 4935 error
627 4866 777 4958 quemvis
801 4865 908 4932 lacilis
932 4866 1043 4950 luerit,
1062 4883 1170 4934 tamon
1192 4894 1269 4936 nuru
1291 4871 1323 4936 b.
1348 4869 1372 4936 l.
1394 4871 1438 4936 sit
1462 4873 1671 4955 commissus,
1694 4873 1905 4946 rebemeuter

1633 4985 1688 5052 ll'
