4814 5970
1870 715 1921 792 97

153 935 159 947 .
303 881 386 948 sinit
409 883 529 964 dicam,
548 881 634 948 illad
654 882 858 962 adversatur,
880 880 970 969 qaod
995 880 1029 944 ia
1051 879 1166 946 codiee
1186 879 1330 967 primane
1355 877 1484 944 oooereli
1504 889 1564 944 eut
1586 882 1662 970 regi
1679 882 1782 974 quod,
1798 879 1938 950 deiude.

304 987 434 1054 consuli
454 987 556 1077 quod,
580 986 723 1075 denique
744 1011 788 1052 uc
810 995 867 1051 tot
880 991 1121 1071 irnperotoruaa
1141 981 1286 1062 uolente,
1310 980 1468 1068 seriptum
1483 982 1657 1069 reperitur.
1703 982 1816 1068 Quare
1829 985 1918 1050 boue

301 1087 411 1154 laeuos
432 1111 476 1154 ea
497 1087 560 1170 iia,
583 1110 668 1177 quas
698 1111 770 1178 esp.
802 1086 856 1154 ³9.
888 1087 1107 1176 praecedunt:
1138 1089 1301 1176 Pupuure
1331 1085 1418 1149 euim
1448 1093 1483 1148 et
1510 1087 1573 1173 ipsi
1600 1085 1684 1152 mibi
1709 1085 1840 1172 placet,
1871 1086 1916 1152 ita

301 1188 546 1277 supplenduma
570 1201 631 1256 out
651 1188 791 1270 consuli,
815 1200 877 1254 oret
894 1191 968 1277 repi
985 1211 1140 1277 pupuore
1157 1189 1306 1274 placuit3
1323 1191 1410 1276 sepi,
1433 1189 1523 1278 quod
1543 1211 1605 1254 uso
1626 1188 1732 1276 fessos
1763 1199 1828 1254 etc.
1863 1211 1915 1270 ae,

299 1305 427 1360 astrata
450 1293 593 1360 lectiooe
613 1295 754 1376 consoli,
774 1293 875 1387 quod,
900 1291 1018 1358 verber
1041 1303 1162 1359 neutro
1182 1295 1424 1381 imperatorum
1444 1293 1588 1375 uolente,
1612 1293 1653 1358 de
1675 1315 1814 1382 quorum
1834 1292 1917 1359 iute-

299 1395 421 1484 gritete
442 1395 502 1461 alii
524 1395 679 1476 viderint,
703 1418 776 1460 enus
800 1391 961 1474 llelrlreeo,
985 1393 1043 1480 qui
1066 1407 1098 1461 ct
1121 1395 1206 1484 ipse,
1230 1395 1348 1484 positis
1370 1396 1509 1461 lacunae
1538 1395 1660 1483 siguis,
1689 1393 1837 1461 codicem
1868 1417 1918 1460 ee·

301 1510 397 1566 entus
420 1511 483 1584 est,
506 1499 547 1566 ab
566 1497 836 1566 antecedentibus
859 1497 1041 1586 separanda
1063 1521 1138 1564 esse
1160 1523 1294 1565 censeo.
1316 1537 1357 1550 -·
1380 1500 1463 1566 bora
1482 1498 1614 1566 circitor
1635 1499 1766 1586 quarta]
1789 1497 1917 1564 Grono-

300 1602 374 1670 vius
394 1629 484 1670 uano
503 1602 649 1670 restitnit
671 1625 711 1668 ex
736 1603 903 1668 Plutarcb.
928 1601 1051 1669 Aemil.
1076 1625 1149 1690 cap.
1172 1601 1227 1667 22.
1249 1598 1367 1688 ἐνάτης
1388 1600 1451 1690 ydp
1483 1599 1574 1690 ὥρας
1606 1595 1788 1690 ἀρξάμενοι
1814 1597 1915 1684 perips-

300 1709 387 1774 σθαι
408 1705 476 1796 πρὸ
497 1703 637 1794 δεκάτης
657 1703 820 1792 ἐνίκησαν.
844 1705 918 1772 Bc,
940 1707 984 1772 Β.
1032 1705 1131 1797 Error
1153 1733 1192 1774 ex
1216 1721 1366 1774 notarum
1391 1706 1606 1774 numeralium
1629 1710 1688 1773 IX
1706 1720 1740 1772 ct
1763 1710 1824 1772 IV
1841 1731 1915 1796 pcr-

298 1807 480 1874 oantatioue
501 1819 606 1874 ortus.
634 1843 671 1860 -·
695 1810 875 1893 trabentes]
897 1809 981 1874 (lod.
1006 1813 1188 1881 teudesstes.
1238 1811 1340 1877 Recte
1363 1823 1470 1878 tamen
1495 1809 1635 1878 Ursinus
1658 1809 1780 1897 aliique
1804 1809 1916 1874 mulce·

217 1895 223 1910 ⁸
299 1924 377 1980 rsut
396 1912 608 1981 scribendum
630 1939 704 1982 esse
727 1927 940 1982 censuerunt.
965 1917 1039 1984 ΒΟ.
1064 1917 1106 1983 Β.

387 2047 470 2138 Cap.
493 2047 588 2116 XLl.
611 2050 815 2139 nglsspides]
838 2051 922 2115 cort.
948 2051 1146 2140 uclospirles.
1193 2051 1295 2115 lruruo
1328 2049 1575 2140 chalcaspides,
1608 2048 1696 2138 quod
1726 2049 1913 2115 Gronovius
2048 2045 2050 2050 ’

299 2175 340 2219 ex
362 2153 528 2221 Plutarcb.
549 2156 674 2223 Aemil.
699 2179 772 2244 cap.
800 2153 849 2220 18.
874 2155 1030 2221 restituit.
1055 2153 1129 2222 ΒΟ.
1148 2157 1190 2221 Β.
1207 2191 1240 2204 -·
1262 2153 1454 2242 elephantes
1468 2152 1605 2235 inducti,
1623 2164 1655 2218 et
1668 2152 1718 2218 sla
1733 2151 1913 2236 sociorum]

299 2257 385 2326 cad.
407 2260 577 2350 elepantos
598 2259 713 2326 induci
733 2270 767 2324 ct
787 2260 872 2324 otius
891 2262 1069 2325 sociorum.
1115 2257 1287 2346 Gryuacus
1310 2256 1424 2344 igitur,
1445 2256 1480 2323 id
1502 2255 1592 2347 quod
1615 2279 1689 2322 eoru
1710 2279 1776 2322 nou
1793 2256 1913 2322 lesisse

299 2365 412 2446 miror,
436 2362 580 2429 scribere
602 2361 761 2428 debebat:
786 2361 980 2451 eleplroutos
1004 2364 1131 2430 iuduor't
1151 2361 1269 2426 etolos
1283 2362 1459 2426 sociorum.
1475 2359 1549 2426 BC.
1567 2363 1610 2426 B.
1658 2359 1706 2424 lta
1725 2382 1790 2424 uou
1807 2357 1913 2425 solum

299 2490 421 2534 nornen
444 2438 590 2552 elepbui,
613 2467 788 2556 quodiam
811 2491 1004 2556 supracup.
1030 2467 1061 2532 5.
1084 2467 1117 2532 iu
1140 2465 1338 2552 elephantus
1368 2463 1586 2544 mutavimus,
1617 2487 1658 2528 es
1688 2463 1750 2528 boc
1780 2485 1914 2550 quoque

299 2571 374 2638 loco
396 2569 591 2658 expelletur,
615 2569 794 2638 sedetiam
817 2570 956 2637 satisfiet
979 2569 1159 2652 Crevierio,
1189 2566 1260 2654 qui,
1289 2589 1390 2655 qurum
1415 2565 1447 2630 in
1471 2565 1618 2632 exercitu
1650 2565 1800 2630 Romano
1830 2565 1914 2632 duae

299 2673 423 2740 inerint
445 2671 515 2738 alae
536 2671 715 2754 sociorum,
733 2672 855 2738 dextro
876 2683 907 2736 et
925 2675 1077 2753 sinistro,
1092 2671 1283 2736 alterutrum
1299 2672 1413 2735 borum
1428 2671 1660 2736 venabulorum
1680 2669 1734 2736 bic
1749 2671 1914 2737 excidisse

298 2775 487 2866 auspicatus
509 2786 571 2840 est.
596 2807 635 2824 -
656 2771 931 2860 quenadmodum
954 2773 1114 2858 agantur]
1140 2770 1244 2839 Recte
1264 2773 1445 2860 Sigonius,
1469 2795 1570 2862 quota
1600 2781 1747 2863 operatur
1768 2771 1809 2837 atl
1828 2797 1913 2840 coru·

298 2892 413 2948 sacrato
432 2877 547 2944 reterri
569 2890 725 2967 nequeat,
740 2877 875 2966 scripsit
896 2887 1032 2966 opotur,
1048 2876 1137 2966 quod
1159 2877 1191 2940 in
1207 2877 1306 2942 altera
1322 2875 1410 2942 Livii
1426 2876 1571 2941 cditinue
1588 2875 1722 2962 vulgato
1741 2873 1911 2942 substitui.

386 3012 470 3100 Cep.
492 3009 605 3078 tht.
631 3009 804 3076 coelestim
828 3008 992 3076 Costocus
1020 3005 1232 3101 sequebatur]
1265 3011 1332 3076 lam
1361 3008 1615 3092 lelomaudus,
1644 3007 1849 3098 Deeringius
1880 3021 1913 3076 et

299 3113 484 3204 llopertius
505 3113 571 3178 lec.
594 3111 798 3178 Gronovium
822 3111 927 3177 secuti
949 3124 1038 3178 recte
1061 3112 1252 3179 ediderunt:
1278 3115 1451 3202 eorrfestim
1480 3135 1534 3180 eos
1567 3113 1669 3200 Cotys
1698 3111 1910 3207 sequebatur.

296 3218 372 3286 BC.
397 3219 440 3284 Β.
461 3251 503 3266 -
526 3239 544 3281 e
565 3215 660 3302 luga]
683 3215 767 3279 Cod.
791 3227 824 3281 ct
842 3215 939 3305 supa,
962 3214 1051 3304 quod
1076 3215 1108 3280 iu
1132 3241 1174 3282 ex
1191 3218 1274 3306 supa
1298 3217 1431 3282 mutari.
1457 3215 1532 3282 Bc,
1556 3217 1600 3282 Β.
1646 3213 1703 3282 Sic
1723 3215 1833 3298 XLV,
1860 3217 1910 3284 to.

298 3332 334 3388 et
351 3322 515 3386 odrscrsus
538 3341 597 3408 pro
619 3343 664 3384 ex
686 3320 841 3400 aduerso,
867 3345 940 3406 cap.
963 3319 1015 3383 ll.
1039 3331 1071 3386 et
1092 3345 1110 3388 c
1129 3321 1239 3407 poudo
1262 3340 1323 3408 pro
1343 3343 1386 3385 cx
1405 3330 1535 3385 ceratum
1554 3319 1678 3407 pondo,
1707 3333 1740 3386 et
1763 3343 1835 3412 cap.
1860 3321 1911 3389 lb.

298 3435 333 3489 et
351 3421 427 3513 foco
449 3443 510 3511 pro
531 3445 575 3487 ex
591 3422 666 3510 [oco
688 3422 721 3486 iu
741 3421 856 3486 codiee
878 3421 1011 3508 legitur.

384 3555 468 3644 Cap.
489 3551 619 3622 XLlll.
644 3549 790 3644 divertit]
814 3553 898 3619 Cod.
923 3557 1081 3639 deuertit,
1105 3557 1194 3644 quod
1218 3553 1526 3644 praecultum.
1550 3593 1591 3606 -
1615 3557 1653 3622 ln
1670 3557 1911 3646 regial'erseo,

299 3661 358 3752 qui
380 3660 495 3727 Pellae
520 3669 681 3748 praeerat,
707 3655 833 3724 Euctus
861 3645 1012 3746 regiique
1041 3659 1136 3746 pueri
1167 3668 1298 3746 praesto
1325 3663 1431 3744 erent]
1464 3658 1547 3726 cod.
1581 3662 1617 3726 iu
1644 3665 1790 3752 rupium,
1822 3665 1911 3752 quod

297 3765 467 3831 Brlrlrerns
491 3776 612 3829 temere
633 3759 777 3827 admisit.
823 3761 932 3826 Latini
956 3759 1043 3826 enim
1066 3766 1112 3830 ud
1132 3764 1240 3829 locum
1259 3776 1391 3852 praesto
1415 3789 1486 3832 esse
1508 3765 1640 3850 dicunt,
1665 3769 1699 3832 iu
1721 3767 1827 3834 locum
1850 3791 1912 3858 pro

297 3871 333 3936 iu
354 3868 425 3934 loco
449 3889 515 3930 uon
539 3865 629 3934 item.
675 3863 741 3929 Sctl
764 3865 828 3928 boc
847 3864 975 3930 levius:
1000 3864 1083 3929 illud
1105 3867 1208 3931 multo
1231 3865 1362 3953 gratim
1383 3879 1446 3951 est,
1463 3869 1552 3956 quod
1575 3869 1607 3934 iu
1633 3871 1748 3936 codice
1771 3870 1909 3958 legitera

297 3973 546 4064 difficultatibus
564 3971 642 4036 uide
660 3993 685 4035 x
707 3979 851 4034 uexatus
874 3971 909 4033 iu
931 3971 1059 4060 replum
1079 3977 1130 4032 est
1151 3991 1172 4032 u
1191 3990 1307 4056 perseo
1330 3971 1391 4063 spui
1409 3969 1522 4057 pellae
1547 3981 1735 4054 procerout
1763 3983 1911 4040 coaetus·

297 4099 362 4170 que
382 4079 456 4166 repr‘
474 4076 574 4163 pueri
592 4081 727 4162 praesto
753 4063 866 4154 eruut,
892 4068 935 4134 ita
960 4067 1118 4157 quidem,
1148 4077 1185 4132 ut
1214 4067 1308 4134 litera
1335 4095 1361 4135 x
1388 4095 1429 4136 ex
1458 4073 1609 4159 proximo
1634 4086 1778 4140 uexatus
1809 4076 1913 4164 petita

296 4189 421 4268 puncto
441 4175 697 4266 superimposito
719 4175 764 4239 sit
786 4171 931 4236 inducta.
978 4170 1030 4236 De
1053 4191 1117 4256 qua
1150 4171 1274 4236 codicis
1304 4170 1466 4262 scriptura
1496 4175 1669 4240 manifesto
1698 4191 1850 4268 corrupta
1879 4193 1912 4248 et

297 4283 452 4350 lacunosa
472 4277 771 4346 Weissenboruius
794 4275 904 4341 Lectt.
934 4271 1008 4336 Liv.
1040 4273 1132 4339 Part.
1165 4272 1210 4337 ll.
1242 4298 1275 4363 p.
1309 4273 1358 4338 12.
1392 4273 1548 4340 disseruit
1579 4277 1667 4342 bunc
1695 4277 1729 4342 in
1759 4281 1908 4346 modumr

298 4383 436 4471 „Prima
458 4382 515 4447 ills
538 4381 648 4462 verba,
672 4381 733 4447 etsi
759 4403 823 4444 noar
848 4379 967 4464 ignoro
990 4375 1076 4439 lraud
1100 4398 1172 4439 raro
1195 4400 1212 4441 o
1236 4376 1370 4442 librario
1387 4377 1545 4444 vocabula
1569 4391 1691 4446 temere
1713 4405 1786 4448 esse
1809 4395 1911 4451 traus-

297 4489 407 4578 posita
428 4485 488 4569 (cl.
514 4483 699 4572 llrcyssigii
723 4483 836 4550 Melet.
867 4483 968 4568 Spcc.
1001 4478 1028 4544 l.
1060 4503 1093 4567 p.
1125 4479 1211 4564 24.),
1241 4493 1347 4546 tanrcu
1374 4505 1391 4548 s
1420 4483 1571 4572 Gryuaco
1601 4486 1759 4552 audacius
1788 4503 1910 4558 mutata

297 4613 371 4656 osse
394 4587 602 4666 crediderim,
625 4587 682 4674 qui
705 4599 737 4650 et
759 4597 811 4650 est
832 4585 897 4651 alio
920 4582 993 4648 loco
1016 4581 1180 4669 posuerit,
1204 4595 1236 4647 et
1258 4609 1278 4648 u
1302 4584 1447 4651 eiecerit.
1493 4588 1638 4674 Propius
1661 4612 1737 4654 vero
1760 4603 1811 4656 cst
1835 4616 1908 4682 pro-

297 4705 372 4784 pter
401 4685 630 4780 praecedentis
662 4687 815 4754 vocabuli
847 4683 1096 4752 similitudinem
1122 4683 1250 4772 aliquid
1278 4685 1462 4768 excidisse,
1492 4699 1525 4752 et
1554 4688 1685 4756 Livium
1715 4693 1908 4780 scripsisses

297 4808 440 4868 uexatus
462 4801 498 4864 iu
520 4798 647 4890 replum
668 4798 838 4885 irapressus
855 4803 913 4858 cat.
947 4815 987 4856 nc
1010 4791 1136 4855 Perseo
1153 4799 1216 4852 cte.
1270 4787 1500 4856 confidentius
1523 4792 1584 4860 boo
1605 4793 1679 4860 dieo
1699 4794 1738 4860 de
1763 4795 1803 4862 iis
1825 4820 1910 4885 quac

1577 4929 1579 4932 ·
1653 4901 1693 4964 lb
