4770 5994
500 654 548 724 58
1257 741 1259 748 ¹
1633 706 1656 747 ,

494 815 723 904 pugnatione]
752 813 834 878 cad.
867 837 909 882 ae
940 825 1094 904 puqaoto
1125 816 1259 911 quidem
1288 818 1549 905 oppuqaatioae.
1601 816 1772 903 Grynaeue
1788 831 1890 883 reete
1908 829 2061 908 preqaata
2084 817 2120 882 in

496 929 625 986 teratato
648 918 796 984 mutavit.
832 916 914 982 via.
938 919 1114 986 Aauotatt.
1144 919 1186 984 ad
1216 916 1368 984 Sallustii
1397 916 1488 983 llist.
1519 918 1596 986 Lib.
1620 917 1684 986 lll.
1712 918 1910 1010 Fragmenta
1933 945 1969 1010 p.
1993 920 2047 986 79.
2080 955 2120 970 -

496 1043 581 1110 quae
600 1019 728 1109 Tempe
749 1021 886 1104 adeunt]
911 1019 995 1086 ead.
1011 1047 1100 1114 quae
1123 1033 1314 1112 tempestate
1336 1020 1472 1088 adereat.
1519 1020 1594 1088 Una
1618 1031 1744 1088 tantum
1767 1022 1861 1111 litera
1884 1022 2016 1088 inducta
2039 1020 2118 1086 acri·

495 1124 570 1212 pair
600 1147 667 1218 qua
702 1125 824 1208 Tempe
852 1125 997 1208 adeunt,
1020 1124 1098 1194 coll.
1123 1125 1218 1190 Cart.
1242 1121 1363 1205 v1,4.
1386 1123 1488 1205 ualle,
1522 1147 1590 1218 quo
1625 1124 1837 1209 Hyrcaniam
1869 1125 2013 1205 ademit,
2037 1145 2121 1210 quae

497 1225 595 1292 Liuio
624 1225 664 1290 ah
695 1225 767 1292 eius
796 1223 959 1290 imitatore
989 1226 1139 1294 sublecta
1170 1249 1244 1292 eaec
1273 1225 1439 1290 videntur.
1464 1223 1540 1292 ΒΟ.
1589 1224 1675 1290 Νιιιι
1707 1249 1827 1290 nomen
1853 1229 1972 1316 Terape
2003 1227 2057 1292 hic
2086 1227 2121 1292 ia

349 1367 352 1372 ·
497 1339 691 1417 tempestate
720 1340 753 1394 et
781 1327 864 1392 intra
896 1349 970 1417 eap.
993 1328 1048 1415 61.
1079 1328 1113 1396 ἱιι
1137 1339 1294 1418 tempesta
1316 1339 1509 1415 corruptum
1532 1351 1627 1412 cese,
1659 1353 1756 1394 nemo
1785 1351 1853 1393 nou
1883 1329 1985 1394 videt.
2031 1327 2120 1416 Qua·

497 1443 638 1522 propter
667 1431 822 1495 accedere
846 1429 949 1496 nolim
969 1428 1271 1511 Weissenbornio,
1303 1431 1360 1520 qui
1392 1453 1460 1524 quo
1488 1434 1606 1522 Tempe
1629 1433 1734 1499 saltras
1759 1435 1886 1500 arleuut
1908 1435 2119 1502 scribendum

499 1557 572 1600 csse
607 1535 714 1600 Lectt.
742 1534 818 1600 Lir.
845 1534 936 1598 Part.
960 1534 990 1598 Ι.
1019 1556 1056 1622 p.
1078 1531 1133 1598 28.
1164 1546 1235 1600 not.
1266 1533 1318 1597 13.
1343 1533 1532 1622 suspicatus
1560 1547 1624 1600 eat.
1671 1535 1844 1602 lieltherus
1871 1536 2041 1606 Gronovio
2064 1541 2121 1605 oh·

498 1651 631 1704 aeream
654 1662 720 1727 qua
746 1640 865 1726 Tempe
888 1637 1059 1704 adeuntur
1079 1638 1195 1704 edidit.

583 1773 666 1862 Cap.
692 1772 765 1838 LV.
790 1771 908 1840 Sceam
928 1778 1061 1858 vocant]
1085 1773 1189 1840 immo
1211 1771 1375 1855 Scaeam,
1399 1785 1436 1838 ut
1457 1773 1633 1840 Douiatius
1653 1776 1863 1842 scribendum
1883 1799 1956 1842 case
1976 1778 2118 1862 monuit,

499 1877 543 1942 ita
563 1878 671 1976 vorari
695 1876 900 1957 existimans,
925 1878 1016 1965 qnod
1038 1877 1101 1944 sita
1123 1878 1225 1944 fuerit
1245 1878 1287 1944 ad
1309 1877 1433 1944 laevam
1456 1875 1561 1940 Penei
1578 1875 1696 1964 ripam.
1718 1876 1794 1944 ΒΟ.
1818 1879 1862 1946 Β.
1887 1915 1928 1926 -
1958 1889 2118 1968 quantum

497 1979 532 2044 iu
552 1989 619 2043 tota
642 1989 740 2064 geute
763 1979 911 2067 equitum
932 1981 1015 2062 erat]
1039 1978 1125 2046 Cot.
1148 1982 1195 2045 ad
1215 1990 1285 2046 toto
1306 1989 1418 2068 quate,
1439 1981 1494 2046 cui
1516 1978 1558 2044 ah
1581 1990 1652 2046 toto
1668 1990 1769 2069 qeate
1787 1981 1958 2048 substitui.
1980 1981 2057 2050 Bc.
2071 1985 2117 2050 Β.

497 2083 580 2148 vit.
603 2082 728 2148 llandii
749 2081 933 2148 Turscllin.
958 2081 1036 2148 Vol.
1061 2083 1088 2148 l.
1111 2107 1145 2172 p.
1169 2082 1222 2148 35.
1244 2118 1286 2130 -
1308 2093 1341 2148 et
1363 2079 1600 2148 Thessalorum
1623 2083 1731 2148 omnia
1759 2086 1926 2174 equitatus
1947 2099 2118 2176 seperatus

499 2189 582 2268 erat]
603 2183 687 2250 Cod.
711 2184 907 2250 tessalorum
929 2196 962 2249 et
981 2197 1172 2272 separatus,
1195 2207 1262 2250 noa
1283 2195 1479 2272 superatus,
1501 2195 1539 2252 ut
1561 2184 1645 2252 l'also
1668 2187 1819 2274 perhibet
1841 2189 2030 2272 Behlaeroa,
2058 2190 2118 2282 qui

495 2313 540 2356 ,ex
561 2286 824 2354 Drakenhorehii
854 2287 1044 2354 coniectura
1073 2297 1108 2354 et
1132 2285 1369 2354 Thessalorum
1398 2290 1505 2352 omnis
1535 2290 1703 2383 equitatus
1725 2303 1878 2378 speratus
1899 2304 1992 2376 erat,
2016 2291 2121 2358 edidit
2170 2311 2179 2326 ·

498 2406 532 2460 et
551 2394 603 2458 lais
624 2393 748 2476 verbis,
772 2391 896 2458 omisso
919 2415 1074 2487 quorum,
1098 2389 1188 2480 quod
1205 2388 1496 2456 Draheahorehina
1516 2391 1557 2456 alr
1573 2391 1688 2458 ultima
1710 2393 1854 2462 nominis
1881 2396 2119 2462 Thessalorum
2249 2391 2261 2408 ⁹

497 2508 592 2586 parte
615 2493 768 2561 hauatm'n
791 2519 865 2560 esse
886 2495 1105 2578 existimavit,
1127 2517 1194 2559 aon
1216 2491 1411 2577 maximam,
1437 2491 1496 2558 aed
1522 2492 1692 2561 minimam
1719 2492 2020 2584 interpunctionem
2042 2495 2118 2562 auh·

499 2601 589 2668 iecit.
629 2599 703 2666 lloe
726 2599 805 2664 ferri
826 2597 955 2685 nequit.
990 2597 1029 2664 Si
1051 2596 1133 2686 quid
1155 2595 1360 2680 mutandum,
1383 2596 1436 2662 uel
1457 2619 1641 2685 pronomen
1663 2595 1748 2662 illud
1770 2597 1928 2680 inserere,
1953 2599 2006 2666 vel
2029 2597 2120 2664 lleu·

498 2704 666 2792 singarum
689 2701 786 2790 aequi
808 2701 932 2782 malim,
956 2702 1015 2791 qni
1037 2711 1141 2768 totum
1163 2700 1272 2766 locum
1295 2702 1339 2768 ita
1363 2703 1630 2770 constituendum
1653 2703 1801 2770 conscita
1827 2715 1860 2770 et
1882 2705 2119 2774 Thessalorum

498 2811 622 2894 (amaris
651 2810 821 2902 equitatus
849 2816 1001 2894 speratam
1022 2807 1116 2889 erat)
1146 2829 1215 2871 nou
1241 2805 1318 2892 plus
1347 2831 1450 2898 quam
1477 2811 1618 2874 trecenti
1646 2819 1746 2874 erosit
1775 2812 1903 2904 equites
1934 2811 1969 2875 in
1997 2813 2117 2877 eastris

496 2913 669 2980 Romanu.
715 2910 843 2974 Verum
866 2911 914 2975 sie
935 2931 1069 2998 quaque
1090 2909 1213 2974 serrari
1233 2909 1340 2998 possit
1360 2919 1539 2998 separatus
1561 2923 1656 2994 erat,
1679 2911 1786 2976 idest
1808 2912 1984 3000 separatim
2005 2913 2119 2980 tende·
2183 2991 2186 2998 Δ

495 3017 564 3082 hat.
609 3015 778 3098 Ceterum,
797 3037 842 3098 ¹ne
866 3013 946 3102 qnid
969 3013 1188 3098 dissimulem,
1212 3011 1309 3079 etiam
1331 3033 1429 3102 snpra
1453 3035 1526 3101 cap.
1549 3011 1605 3078 46.
1627 3026 1807 3102 separaret
1827 3037 1888 3103 pro
1911 3029 2066 3104 speraret
2083 3017 2119 3082 ia

495 3117 609 3184 codiee
631 3116 767 3203 legitur.
788 3153 831 3167 -
851 3115 894 3180 ad
916 3115 1006 3180 mille
1030 3115 1205 3202 dederuut]
1227 3113 1312 3180 cart.
1335 3114 1382 3180 od
1399 3112 1489 3180 mille
1511 3138 1533 3179 o
1553 3115 1730 3182 dederunt.
1774 3114 1882 3205 Supra
1906 3140 1981 3206 cap.
2000 3119 2030 3183 l.
2053 3139 2117 3206 pra

493 3221 584 3289 mille
600 3230 633 3286 et
647 3217 821 3313 quinqenli
842 3217 877 3283 in
897 3216 1012 3285 codice
1033 3217 1124 3285 mille
1145 3229 1179 3284 et
1203 3242 1259 3299 ·a·,
1277 3229 1375 3308 atque
1395 3215 1526 3300 XLW,
1548 3215 1602 3282 25.
1626 3239 1688 3306 pro
1709 3217 1802 3284 mille
1824 3229 1858 3283 et
1878 3223 2060 3313 quiaqarato
2082 3225 2117 3290 in

494 3323 611 3390 eodem
631 3349 674 3393 00
693 3333 725 3387 et
745 3347 765 3385 a
786 3320 945 3410 scriptum
968 3332 1028 3387 est.
1075 3321 1258 3409 Propterea
1280 3318 1334 3383 hie
1359 3341 1505 3408 quoquc,
1532 3333 1568 3386 ut
1588 3321 1682 3404 alibi,
1707 3322 1832 3388 literam
1855 3348 1877 3391 a
1903 3347 1964 3414 pro
1986 3329 2117 3396 numeri

495 3425 705 3520 quingenarii
719 3435 797 3490 nota
811 3428 846 3492 D
861 3446 878 3489 a
893 3423 1028 3490 lihrario
1042 3423 1184 3512 positam
1200 3443 1273 3488 esee
1289 3421 1444 3509 opinatos
1460 3423 1495 3487 in
1517 3425 1618 3489 altera
1631 3424 1720 3490 Livii
1737 3426 1884 3494 editione
1905 3433 2046 3520 scripair
2071 3421 2118 3501 od
2166 3421 2174 3440 ⁸
2295 3433 2298 3446 '

494 3533 586 3602 mille
599 3535 795 3628 quiaqentos
809 3531 986 3597 dedemmt.
1009 3527 1128 3617 Neque
1145 3538 1252 3592 tamen
1270 3524 1420 3610 diffiteor,
1437 3525 1607 3594 librariam
1626 3529 1666 3595 ad
1681 3531 1830 3598 voculam
1847 3533 1905 3619 ad,
1923 3557 2008 3624 quae
2021 3559 2117 3626 prae.

495 3639 597 3723 cedit,
612 3636 783 3705 recurrere
796 3645 830 3700 et
847 3635 957 3722 priore
972 3631 1043 3698 eiua
1058 3631 1153 3698 litera
1175 3654 1234 3722 per
1253 3651 1397 3699 errorem
1412 3635 1551 3721 repetita
1574 3636 1763 3703 edederunt
1783 3637 1928 3705 scrihere
1949 3643 2114 3732 patriast,
2167 3694 2169 3703 ,

581 3767 665 3862 Cap.
684 3765 778 3834 tvl.
802 3762 949 3850 obsidio]
973 3759 1061 3827 lluic
1083 3759 1244 3827 vocabulo
1266 3787 1446 3854 pronomen
1474 3772 1568 3836 cuirrs
1596 3769 1632 3836 in
1656 3771 1771 3839 codiee
1793 3771 1982 3843 subiicitur.
2006 3779 2117 3863 Quor·

496 3899 569 3944 anm
590 3872 651 3940 hoe
676 3869 853 3959 pertineat,
868 3867 924 3932 alii
947 3863 1101 3932 viderint.
1120 3901 1160 3914 -
1181 3866 1337 3958 Praetor]
1360 3871 1445 3939 cod.
1465 3873 1552 3966 phos
1569 3883 1625 3970 pi.
1648 3877 1701 3944 Ex
1721 3879 1783 3946 hac
1805 3881 1930 3948 codicia
1953 3881 2117 3972 scriptun

495 3981 573 4048 Has
591 3986 731 4069 praetor
753 3983 817 4039 etc.
840 3969 938 4036 Livio
960 3967 1103 4035 restitui.
1128 3967 1205 4037 BG.
1229 3973 1272 4040 Β.
1319 3973 1490 4044 Librarius
1524 3981 1611 4046 enim
1642 3980 1805 4072 primunr,
1833 3983 2032 4071 pronomine
2055 3985 2118 4054 tm

497 4080 642 4164 omisso,
666 4085 722 4172 ᾗῇ.
754 4075 825 4142 aive
853 4085 993 4163 proetop
1024 4073 1210 4164 scripturas
1237 4089 1318 4143 erat.
1375 4080 1562 4168 Grquaeam
1595 4085 1658 4149 hoc
1685 4107 1753 4148 noo
1782 4083 1909 4150 vidisse
1931 4085 2049 4174 miror,
2077 4112 2117 4158 ae

495 4205 602 4276 paene
624 4179 792 4268 indignor.
824 4215 866 4231 -
893 4177 934 4242 ab
958 4176 1098 4264 eastris]
1127 4173 1212 4243 coa.
1241 4205 1263 4246 a
1293 4187 1425 4268 castris,
1456 4184 1545 4274 quad
1579 4185 1705 4254 codicia
1727 4187 1913 4253 auctoritati
1936 4189 2115 4260 obsecutus

493 4285 618 4376 recepi.
640 4286 684 4350 B.
729 4279 1105 4370 Baumgartea·(2ruains
1125 4280 1296 4370 uolgarum
1318 4285 1473 4354 serravit.

579 4418 664 4512 Cap.
695 4418 805 4486 nvn.
835 4419 960 4486 hellura
988 4419 1198 4513 ordirentur]
1229 4421 1314 4490 Cod.
1348 4425 1475 4494 hellam
1509 4427 1763 4514 dirimerentur,
1789 4429 1899 4520 qnod,
1928 4431 2009 4502 lieet
2036 4433 2113 4504 Lis.

417 4547 425 4568 ¹
493 4524 647 4610 xxvn,
668 4523 723 4590 ³0.
754 4535 787 4592 et
813 4523 879 4590 XL
887 4569 900 4609 ,
924 4521 978 4588 52.
1010 4523 1135 4590 hellam
1164 4525 1279 4592 dairai
1305 4526 1451 4616 dicatur,
1484 4531 1561 4598 sarri
1591 4555 1659 4598 non
1688 4557 1787 4624 pesae
1810 4549 1957 4626 apparet.
2002 4538 2115 4608 Prima

492 4633 589 4701 raalai
609 4630 806 4700 ordirentur
826 4629 954 4720 ayllaha
983 4629 1099 4698 nereio
1124 4653 1192 4720 quo
1221 4655 1300 4700 casu
1322 4633 1452 4717 ablata,
1474 4645 1542 4702 tres
1571 4635 1719 4728 reliquae
1748 4641 1902 4708 direuhar
1926 4638 1962 4706 ia
1978 4642 2116 4711 dirime·

493 4749 615 4808 rentur
636 4734 799 4804 abierant.
820 4772 861 4788 -
883 4734 1032 4822 aberant]
1055 4734 1248 4824 liopitarioe
1271 4735 1306 4802 in
1326 4737 1451 4804 codicia
1474 4739 1650 4808 collatione
1672 4765 1732 4832 per
1746 4765 1889 4810 errorem
1912 4741 2031 4812 adnot
2050 4767 2114 4834 pro
