4770 5994
1834 727 1885 806 ll

265 879 429 947 tortor-os
460 880 555 966 inops
581 879 702 968 inpelli
730 879 778 946 od
799 877 923 946 bellum
952 901 1020 947 ιιοιι
1046 893 1194 972 poterat.
1246 879 1465 972 Negationem
1494 885 1619 955 abhoc
1642 889 1717 957 loeo
1739 889 1905 970 alienam,

264 1001 337 1048 esse
362 991 510 1068 apparet.

346 1137 909 1228 cap.xx1.qmminttstoets
937 1163 996 1212 rex
1030 1140 1137 1224 esset]
1165 1139 1250 1206 Cod.
1282 1165 1357 1210 cuns
1378 1145 1415 1207 irs
1442 1145 1470 1210 is
1499 1143 1581 1210 locis
1603 1169 1667 1210 rex
1687 1171 1755 1212 ooo
1778 1159 1876 1218 esset.

259 1243 316 1310 Ab
335 1243 399 1310 boe
421 1265 555 1330 quoquc
577 1244 652 1308 loce
674 1242 807 1330 negatio
830 1242 937 1308 aliena
963 1254 1025 1308 est.
1041 1247 1092 1292 “-
1113 1242 1154 1307 ab
1177 1244 1229 1308 bis
1252 1243 1407 1329 urbibus]
1431 1245 1498 1314 llic
1514 1269 1649 1336 queque
1672 1253 1713 1318 ab
1738 1252 1778 1316 iis
1800 1251 1879 1318 scri·

233 1345 337 1410 -bere
359 1344 481 1414 malim.
511 1379 552 1394 ···
583 1343 788 1426 Pbanotcm]
813 1345 899 1410 eoo.
928 1345 1121 1432 plrolaoom.
1173 1346 1241 1412 Sed
1271 1346 1356 1412 intra
1379 1370 1453 1436 cap.
1476 1347 1531 1414 23.
1555 1373 1616 1440 pro
1638 1351 1681 1416 ob
1709 1353 1878 1422 obsidione

257 1447 424 1516 Plaarsotis
444 1448 477 1514 in
501 1448 617 1516 codice
640 1449 814 1516 obsidione
837 1449 991 1538 sonotes,
1016 1461 1048 1516 et
1069 1445 1181 1528 XLV,
1209 1444 1263 1512 26.
1293 1469 1356 1534 pro
1377 1447 1537 1514 Phanota
1560 1449 1593 1512 in
1617 1450 1731 1516 codem
1750 1465 1877 1540 perroto

256 1551 391 1639 legitur.
438 1548 643 1616 Crevierinm
665 1562 800 1618 secutus
823 1553 1003 1620 Plsursoteo
1025 1550 1159 1638 scripsi.
1182 1549 1257 1616 Bc.
1304 1547 1440 1616 Graecis
1464 1553 1550 1618 enim
1578 1549 1709 1642 Φανότη
1741 1555 1874 1624 dieitur.

258 1655 426 1722 Rclrlrarus
447 1655 641 1722 Pbmrotom
664 1653 780 1738 edidit,
804 1655 894 1743 quod
917 1678 982 1720 non
1005 1654 1113 1722 minus
1135 1653 1308 1742 probabile
1329 1665 1393 1738 cst,
1417 1665 1451 1720 et
1470 1653 1512 1719 ad
1532 1656 1655 1721 codicis
1679 1659 1874 1746 scripturam
1929 1647 1945 1662 ⁶

256 1762 395 1852 propius
425 1757 581 1824 accedere
613 1755 755 1822 videtur.
785 1794 828 1806 -
858 1755 891 1820 ἱιι
914 1755 1096 1842 Elimeam]
1129 1757 1213 1822 Cod.
1237 1757 1432 1839 celiensem,
1463 1757 1584 1824 omissa
1612 1761 1872 1848 praepositione,
1970 1833 1979 1856 Ι

257 1887 354 1954 quam
382 1863 444 1926 iarn
473 1857 640 1926 Crevierio
671 1873 857 1950 suspectam
886 1859 1046 1950 expunxi.
1069 1859 1145 1926 BC.
1172 1861 1216 1927 ll.
1250 1897 1289 1912 —
1316 1862 1525 1949 Acheloum]
1548 1863 1631 1929 Cod.
1657 1890 1789 1948 acuum,
1812 1867 1872 1934 sed

255 1967 340 2034 inira
363 1947 438 2055 cip.
461 1967 516 2030 22.
540 1966 678 2050 irauclas’s,
703 1967 811 2032 idest
831 1967 1011 2050 Iacobum,
1031 1966 1134 2054 quod,
1159 1987 1260 2053 quum
1282 1965 1336 2030 bic
1358 1965 1553 2032 vocabulum
1573 1990 1702 2032 omnem
1732 1970 1870 2057 primam

254 2071 352 2138 buius
376 2069 517 2136 nominis
541 2065 699 2158 syllabam
722 2067 942 2154 absorbuerit,
965 2077 1105 2156 utroque
1128 2065 1201 2130 loco
1222 2067 1345 2155 recepi.
1369 2067 1414 2133 ll.
1460 2065 1867 2154 Resupnum-crusina.

255 2175 425 2260 „Secutus
447 2196 568 2254 essem,
592 2173 715 2261 inquit,
737 2173 766 2237 si
789 2170 941 2256 scissem,
964 2169 1112 2236 codicem
1136 2167 1331 2234 addicere.“
1375 2169 1410 2236 ls
1432 2193 1509 2235 vero
1533 2169 1667 2236 addicit.
1713 2169 1871 2240 Ceterum

253 2281 308 2348 bie
332 2279 497 2361 lnaebus,
517 2275 636 2342 durius
659 2275 886 2358 Acarnaniae,
914 2298 932 2338 a
955 2272 1152 2362 cognomine
1176 2271 1350 2360 Argolidis
1374 2273 1477 2338 fluvio
1499 2274 1670 2358 diversus,
1701 2275 1735 2342 in
1760 2276 1870 2348 sinum

253 2381 467 2451 Ambracium
491 2376 732 2464 eb'updebatur.
769 2375 849 2442 vid.
873 2375 984 2443 Strab.
1008 2373 1087 2456 Vll,
1114 2374 1147 2440 6.
1171 2388 1205 2441 et
1227 2377 1271 2442 cl.
1295 2375 1483 2443 Tascbuclr.
1507 2377 1549 2442 ad
1572 2377 1693 2468 Pomp.
1717 2377 1798 2445 Mel.
1823 2379 1869 2466 ll,

254 2487 288 2571 3,
309 2487 342 2552 9.
369 2485 446 2551 vot.
471 2483 535 2548 lll.
561 2481 651 2548 Part.
676 2478 722 2546 ll.
747 2503 781 2569 p.
806 2477 880 2544 305.
905 2477 1037 2544 Stratus
1059 2476 1171 2565 igitur,
1193 2503 1295 2568 quum
1319 2503 1389 2545 eam
1407 2479 1582 2567 Polybius,
1605 2481 1724 2548 Strabo
1746 2483 1870 2574 aliique

254 2614 321 2657 uon
344 2589 385 2654 ad
407 2587 579 2670 lnaclrum,
603 2586 661 2651 sed
685 2583 725 2648 ad
749 2583 935 2649 Acheloum
958 2592 1093 2670 ponant,
1118 2581 1204 2647 baud
1227 2582 1326 2647 dubie
1347 2583 1433 2648 intcr
1454 2593 1629 2672 utrumque
1651 2608 1778 2652 amnem
1806 2587 1870 2654 sita

254 2703 333 2760 erat.
350 2689 637 2776 -truusgrcssus]
661 2687 745 2753 Cod.
761 2699 859 2774 atquc
880 2685 981 2750 Frob.
1000 2684 1030 2748 l.
1045 2696 1077 2749 et
1090 2683 1123 2748 2.
1149 2688 1380 2776 trauspressia.
1404 2685 1504 2768 Quod
1527 2687 1585 2774 qui
1604 2699 1693 2752 recte
1710 2689 1743 2752 iu
1760 2701 1869 2759 buna·

251 2819 386 2890 pressus
410 2791 595 2872 mutaverit,
612 2788 904 2854 Drakenborcbius
928 2798 1085 2851 annotare
1107 2783 1265 2870 neglexit.
1280 2819 1324 2836 -
1340 2807 1438 2874 quem
1454 2785 1616 2855 Nicaeum
1632 2793 1765 2878 vocant]
1780 2791 1865 2862 Cod.

251 2905 382 2966 siceum
404 2921 503 2992 quem
522 2903 660 2961 uocant.
704 2891 804 2958 llnne
826 2890 997 2959 verborum
1019 2887 1167 2952 ordinem
1190 2883 1361 2973 Grpnacus
1390 2910 1521 2955 serrare
1543 2887 1696 2958 debebat.
1721 2894 1797 2964 BG.
1820 2898 1866 2966 B.

253 3004 323 3090 Qui
346 3001 470 3092 prinus
500 3001 662 3080 Nicrum,
694 2993 785 3085 qnod
816 2993 913 3060 etiarn
936 2990 1036 3058 Frob.
1062 2992 1091 3054 t.
1117 2997 1149 3053 et
1170 2988 1203 3055 2.
1236 2991 1398 3076 oderant,
1428 2992 1463 3059 iu
1485 2995 1651 3063 Nicaeum
1679 3002 1865 3088 mutaverit,

250 3103 543 3174 Drakenborcbius
574 3109 733 3164 annotare
761 3095 990 3186 praetermisit.
1038 3091 1077 3156 ln
1101 3093 1154 3158 ad.
1179 3095 1366 3162 Amstelod.
1396 3123 1426 3164 a.
1452 3099 1545 3166 16³³.
1566 3105 1709 3185 Niceum
1730 3106 1863 3196 legitur.

249 3249 293 3264 —
317 3220 464 3276 retentos
487 3203 662 3271 altitudine
681 3201 800 3282 amnis,
823 3197 963 3282 mansit]
990 3195 1188 3266 Perizonius
1209 3215 1242 3268 et
1261 3201 1468 3291 Crevierins,
1489 3205 1611 3296 quibus
1632 3209 1866 3282 Lallcmandus

251 3313 402 3395 accessit,
426 3313 489 3374 boc
511 3307 586 3372 loco
609 3305 818 3388 vocabulum,
849 3303 891 3368 ad
914 3301 1003 3392 quod
1026 3301 1194 3390 proxima:
1228 3305 1304 3394 Quo
1325 3311 1433 3394 spatio
1458 3315 1612 3400 temporis
1635 3324 1698 3380 etc.
1722 3317 1866 3384 releren-

249 3431 316 3500 tur,
342 3414 553 3481 interamnis
575 3421 607 3475 et
626 3413 749 3474 meruit
771 3405 936 3472 excidisse
956 3406 1116 3495 suspicati
1136 3421 1226 3474 sunt.
1257 3409 1300 3476 Et
1321 3425 1410 3478 recte
1433 3413 1579 3502 quidem.
1619 3415 1735 3485 Utrum
1756 3433 1865 3489 autem

250 3523 338 3588 sliem
356 3516 410 3582 vel
430 3515 580 3596 biduum,
603 3533 687 3600 quae
707 3508 902 3576 Perizonius
923 3510 1039 3591 suasit,
1062 3532 1103 3575 an
1127 3513 1214 3580 aliem
1234 3537 1339 3580 ursum
1366 3514 1420 3583 sel
1447 3517 1595 3584 bidaauos
1624 3519 1733 3587 verbis
1756 3529 1865 3594 amasis

249 3635 284 3688 et
309 3620 432 3686 mansit
452 3613 728 3702 interponendum
751 3612 813 3695 sit,
838 3611 878 3676 ad
901 3611 1065 3699 liquidum
1093 3614 1230 3702 perduci
1261 3639 1327 3682 nun
1348 3629 1470 3707 petest.
1514 3618 1598 3686 Post
1619 3627 1753 3707 mansit,
1777 3649 1863 3716 quae

249 3719 424 3808 Deeringii
445 3731 495 3785 est
517 3716 644 3807 opinio,
668 3716 863 3782 vocabulum
887 3713 1109 3781 desideratum
1131 3718 1297 3787 excidisse
1319 3743 1386 3788 nnn
1409 3721 1617 3790 crediderim.

334 3855 417 3943 Gap.
439 3851 557 3918 xxtt.
582 3850 790 3938 Acheloum]
820 3847 905 3915 Cod.
929 3847 1075 3930 tracto,
1099 3849 1132 3917 id
1155 3865 1207 3919 est
1223 3855 1411 3942 lucebunt,
1433 3857 1524 3948 qnod
1546 3861 1672 3950 recepi.
1691 3863 1736 3931 B.
1779 3863 1864 3935 ttet-
1922 3845 1936 3874 Ι

248 3965 348 4032 keaus
369 3961 533 4029 nonsatis
555 3970 705 4026 accurate
723 3957 834 4025 'codici
858 3959 893 4022 irs
915 3957 1002 4022 uslru
1022 3955 1149 4022 tribuit.
1173 3955 1367 4045 liupitarius
1389 3957 1476 4024 enim
1491 3959 1524 4024 in
1548 3962 1672 4029 codicis
1687 3965 1862 4036 collatione

250 4071 287 4134 io
312 4066 398 4132 aeto
419 4087 479 4156 pro
502 4063 628 4130 inscbs'i
647 4061 837 4151 scripserat.
867 4099 911 4113 -
940 4071 973 4125 et
1001 4056 1170 4147 equitibus
1199 4067 1330 4126 centum
1358 4059 1468 4146 venit]
1499 4061 1567 4128 Pro
1596 4064 1706 4132 serbis
1731 4079 1863 4140 emtum

248 4169 361 4248 mir,
391 4189 476 4254 qnae
505 4166 677 4256 Grynaees
705 4165 853 4250 addidit,
887 4163 920 4228 in
950 4161 1065 4230 codice
1090 4161 1254 4252 reperitur
1280 4173 1357 4229 nota
1382 4177 1415 4230 ·t·
1440 4187 1501 4254 pro
1527 4167 1620 4233 Titus
1644 4170 1726 4257 poni
1750 4171 1861 4257 solih,

251 4295 350 4364 qum
372 4268 526 4334 litu-arins
547 4280 669 4358 puncto
691 4265 948 4358 superimposito
971 4264 1113 4332 induxit.
1139 4303 1178 4316 —-
1200 4267 1374 4356 Aperantii
1395 4271 1485 4350 enm]
1506 4267 1589 4334 cot.
1614 4275 1783 4361 operienti
1808 4301 1862 4346 oe·

251 4403 328 4449 mm
349 4377 402 4446 vot
425 4377 635 4463 operiorstioe
658 4399 750 4456 cum,
779 4396 837 4464 pro
866 4373 993 4438 diversa
1024 4371 1207 4460 scripturae
1237 4371 1411 4437 continuae
1434 4369 1610 4440 divisione.
1655 4375 1863 4468 Quamquam

253 4481 332 4550 ,tihi
356 4479 496 4570 simplex
519 4481 613 4566 ipro
636 4477 763 4566 duplici
787 4477 820 4542 in
844 4475 959 4542 codice
991 4473 1137 4562 positum
1169 4483 1239 4558 cst,
1273 4485 1382 4538 tamen
1409 4473 1443 4538 in
1471 4473 1572 4541 altera
1600 4475 1689 4543 Livii
1718 4479 1862 4550 editione

250 4588 420 4678 Aperanti
449 4581 587 4670 scripsi,
616 4579 724 4670 quod,
757 4604 858 4669 quum
888 4577 1024 4644 Graecis
1050 4572 1251 4664 :turparent
1287 4588 1466 4658 secentur,
1499 4576 1562 4642 iam
1592 4577 1862 4651 Drakenborcbio

252 4690 390 4781 placuit.
436 4685 516 4752 Vid.
542 4696 648 4750 tamen
673 4683 846 4747 Baelrriuara
870 4680 910 4744 ad
935 4681 1106 4746 Plutarcls.
1130 4678 1271 4743 Flamin.
1296 4701 1369 4766 cap.
1397 4679 1447 4742 l5·
1471 4701 1506 4766 [t-
1531 4677 1605 4744 llll·

335 4827 418 4915 Cap.
440 4821 574 4890 ΧΧΙΙΙ.
598 4843 672 4886 cnm
694 4814 820 4880 minore
843 4813 1030 4892 vexatione]
1053 4813 1102 4878 Ex
1127 4811 1386 4878 Drakenborcbii
1409 4813 1584 4897 sententia,
1606 4814 1640 4880 in
1657 4839 1755 4906 quam
1774 4821 1859 4891 fleu.

1589 4927 1631 4992 tu
