4770 5994
498 613 546 686 56

498 800 632 868 qnoque
658 794 693 849 ut
715 807 816 872 supra
840 807 914 872 cap.
932 785 986 852 42.
1013 799 1175 856 remotum
1197 789 1230 854 in
1253 801 1394 857 eoronam
1417 813 1491 856 esse
1511 787 1716 870 mutandum,
1733 799 1822 854 reete
1844 789 2031 876 suspicatus
2053 775 2137 868 err.

499 888 574 958 ΒΟ.
597 893 640 956 Β.
664 925 706 940 ··-
726 901 760 954 et
782 887 888 976 quod]
911 889 996 956 Cod.
1022 903 1054 958 et
1076 893 1168 983 quod
1188 897 1283 986 puio.
1302 893 1394 960 llaec
1417 891 1473 958 alii
1495 887 1684 980 expedient.
1726 891 1795 956 Pro
1816 892 1935 974 sicubi,
1960 892 2050 981 quod
2071 914 2121 959 se·

500 994 626 1082 quitur,
650 991 803 1060 librarius
822 997 871 1060 sie
892 998 953 1062 tibi
974 997 1120 1083 scripsit.
1144 1033 1187 1048 -
1208 995 1297 1062 llum
1318 995 1465 1082 integrae
1485 1017 1538 1059 res
1562 992 1602 1017 ''
1624 993 1711 1080 apud
1726 995 1870 1059 animum
1884 995 2119 1062 suum'l’ersea

497 1100 632 1177 debere]
655 1099 740 1168 Cod.
763 1101 843 1166 dum
865 1103 1017 1192 inteprce
1040 1113 1126 1190 aput
1146 1106 1294 1168 animum
1315 1125 1391 1168 sum
1409 1120 1531 1186 perseo
1553 1097 1687 1162 debere.
1705 1095 1808 1162 Frob.
1826 1097 1857 1163 1.
1874 1101 2025 1187 integrae
2047 1121 2117 1167 rsa.

497 1203 804 1270 Drakenborelriurn
828 1216 963 1272 secutus
985 1205 1101 1272 sorbas
1124 1228 1179 1272 res
1200 1206 1280 1288 sint,
1294 1213 1457 1282 statuere,
1473 1198 1567 1264 nucis
1591 1197 1718 1264 inclusa
1741 1199 1908 1288 supplevi,
1928 1199 1973 1266 ita
1995 1213 2120 1282 tamena

497 1317 534 1373 ut
555 1329 614 1395 pro
637 1315 726 1388 suat,
749 1306 840 1394 quod
864 1304 1239 1392 Raarmgartcu-Crusius
1261 1303 1412 1387 retinuit,
1435 1301 1477 1366 dc
1499 1299 1630 1389 Siponii
1651 1305 1815 1369 sententia
1843 1304 2019 1370 scriberem
2039 1307 2117 1386 sint,

498 1411 588 1500 quod
618 1407 723 1474 oratio
754 1408 888 1497 obliqua
918 1408 1070 1497 requirit·
1101 1405 1321 1474 vinuistat.
1346 1410 1420 1476 crit.
1444 1407 1547 1494 Spes.
1572 1404 1600 1470 l.
1625 1430 1659 1494 p.
1686 1404 1739 1470 10.
1762 1443 1801 1456 -
1825 1405 1868 1471 ita
1893 1417 1929 1470 ut
1948 1408 2017 1472 viro
2039 1404 2118 1473 lorti

499 1513 635 1602 dignum
658 1514 716 1597 sit]
740 1511 824 1578 Cod.
850 1523 911 1578 cerat
930 1515 1006 1578 uiro
1028 1509 1112 1600 forti
1134 1511 1272 1601 dippum
1293 1513 1350 1595 sit,
1366 1510 1421 1576 cui
1440 1509 1625 1589 Rclrlaerus,
1640 1531 1741 1596 quum
1763 1507 1899 1592 rectius,
1913 1509 2023 1574 addita
2045 1532 2117 1598 pars

442 1681 445 1688 .
497 1617 598 1685 ticula
619 1626 659 1682 ut
680 1639 697 1679 a
721 1612 931 1700 praecedenti
952 1627 1062 1680 nutet
1085 1614 1237 1702 sequenti
1259 1616 1335 1678 uiro
1360 1614 1554 1700 interceptu,
1577 1611 1776 1676 cdidissenrr
1798 1623 1868 1696 out
1885 1622 1925 1676 ut
1942 1613 2013 1675 uiro
2034 1608 2119 1697 forti

497 1721 634 1812 dippum
652 1720 708 1800 sit,
729 1740 899 1806 perperam
923 1716 1114 1782 substituit:
1138 1727 1175 1782 ut
1201 1719 1274 1784 uiro
1296 1717 1381 1803 forti
1407 1719 1543 1808 dignum
1565 1716 1621 1780 sit.
1667 1713 2060 1802 Bresagenes-Cresius,
2083 1712 2118 1777 id

407 1889 411 1898 ,
464 1857 471 1866 ·
497 1822 587 1912 quod
616 1820 735 1904 miror,
761 1821 931 1908 vulgatum
955 1818 1108 1884 serravit.
1133 1855 1171 1868 -
1196 1817 1315 1885 liberet
1336 1821 1448 1884 orbem
1471 1831 1629 1884 terrarum
1649 1819 1690 1884 ab
1712 1818 1851 1907 irnperio
1874 1819 2038 1901 llomano]
2065 1818 2118 1884 De

496 1925 743 2017 praepositione
774 1927 817 1990 ub
847 1947 863 1988 a
888 1922 984 1988 Livio
1011 1933 1141 2012 practer
1170 1945 1294 1992 rnorem
1321 1921 1446 1989 adiecta
1469 1923 1513 1990 cl.
1539 1922 1639 1990 Fabri
1662 1923 1702 1987 nd
1726 1924 1800 1990 eir.
1825 1923 1961 2005 XXlll,
1984 1923 2037 2007 37,
2064 1921 2114 1988 1⁰.

580 2059 665 2150 Cap·
695 2058 757 2126 Ll.
789 2057 950 2126 sacrificio
980 2056 1135 2144 regaliter
1160 2055 1348 2141 bliuerrae,
1372 2081 1470 2146 qnam
1502 2069 1619 2124 uocant
1642 2056 1816 2141 Alcidem,
1840 2057 2005 2142 conlecto]
2031 2055 2116 2122 cod.

497 2165 641 2246 nleirlcau
667 2163 840 2250 confecto,
871 2161 962 2248 quod
990 2161 1026 2226 in
1054 2161 1272 2244 Alcidemon,
1299 2161 1390 2249 [uoto
1414 2160 1548 2226 urutavi.
1575 2161 1650 2228 BC.
1672 2163 1719 2228 Β.
1744 2159 1911 2226 lleldreras
1934 2171 2041 2224 autem
2063 2180 2116 2224 me

496 2279 630 2336 aeratus
654 2266 814 2352 integram
835 2265 936 2330 huius
959 2265 1196 2332 emendationis
1218 2266 1392 2354 gloriolam
1414 2263 1573 2330 Turncbo
1596 2263 1724 2347 tribuit,
1744 2249 1807 2352 'qui
1829 2265 1973 2332 Adsere.
1996 2260 2129 2343 XXX,

497 2371 551 2437 37.
582 2369 666 2435 nibil
693 2368 759 2432 uisi
789 2368 850 2433 boc
881 2367 1067 2432 annotaritr
1097 2370 1254 2453 „Animo
1285 2371 1420 2436 incessit
1447 2393 1520 2435 mco
1545 2369 1651 2435 libido
1671 2369 1872 2435 Alcidemon
1897 2365 2113 2448 scribendi;“

496 2475 639 2563 ideoque
660 2469 856 2538 vocabulum
878 2457 1051 2556 rarescere(
1065 2472 1155 2558 qnod
1175 2473 1242 2559 bic,
1266 2477 1345 2542 licet
1366 2475 1450 2542 inlra
1473 2499 1546 2564 cap.
1571 2475 1624 2539 55.
1649 2486 1682 2538 et
1702 2473 1841 2555 XLIV,
1867 2472 1918 2538 10.
1947 2471 2116 2560 sacrificio

497 2583 562 2646 rite
582 2576 747 2666 perfecto,
767 2587 866 2662 etque
889 2597 961 2662 cap.
985 2572 1038 2638 37.
1059 2573 1225 2661 sacrificio
1247 2577 1313 2642 rite
1332 2590 1528 2668 perpetrata
1548 2579 1695 2665 lcpatur,
1718 2575 1864 2664 simplici
1890 2574 2003 2663 fecto,
2027 2573 2118 2662 quod

497 2685 595 2750 etiam
617 2680 729 2765 XLV,
755 2679 807 2745 27.
832 2692 866 2744 ct
885 2677 938 2746 28.
962 2679 1138 2767 reperitur,
1160 2680 1254 2746 cedet
1275 2705 1411 2748 necesse
1434 2693 1497 2767 cst,
1518 2705 1585 2746 non
1608 2679 1800 2746 mutandum
1822 2700 1896 2746 esse
1918 2679 2062 2746 censuit.
2076 2713 2115 2730 -·

498 2781 715 2874 quadraginta
746 2777 864 2861 millia]
901 2778 971 2844 lam
1006 2778 1228 2866 Doerinpius,
1258 2803 1357 2870 quem
1387 2795 1521 2850 secutus
1550 2807 1642 2867 sum,
1672 2807 1714 2848 es
1743 2783 1927 2850 certissima
1957 2781 2118 2850 (leonorii

498 2885 726 2954 emendatione
756 2882 986 2971 quadraginta
1015 2885 1083 2946 trin
1112 2881 1206 2948 milio
1234 2882 1351 2948 edidit.
1379 2885 1455 2951 BG.
1478 2888 1522 2950 Β.
1553 2883 1654 2968 Quod
1677 2885 1827 2972 sequitur
1848 2891 1981 2952 emolu
2003 2887 2118 2954 neseio

498 3015 538 3056 an
561 2991 598 3054 in
621 2988 755 3067 armati,
779 2983 869 3072 quod
893 2983 1049 3048 Deberns
1073 2983 1189 3066 suasit,
1212 2985 1266 3052 rel
1288 2986 1321 3052 in
1347 2990 1621 3055 armatorum'sit
1641 2988 1846 3054 mntandum.
1865 3025 1906 3042 ·-
1927 2989 1993 3054 duo
2024 3002 2118 3056 erant

498 3100 664 3180 agemataa
684 3089 767 3150 banc
787 3083 854 3176 ipsi
877 3083 1043 3170 legionem
1063 3082 1238 3170 uocabant]
1262 3085 1347 3155 Cod.
1372 3091 1526 3182 lrapemo,
1540 3115 1608 3158 non
1624 3103 1791 3184 aspernata,
1807 3093 1897 3182 qnod
1914 3092 1948 3158 in
1963 3093 2064 3162 Frob.
2082 3094 2115 3162 1.

498 3193 628 3284 legitur.
681 3189 794 3274 Quare
824 3187 912 3254 baud
939 3199 1150 3270 cunctanter,
1179 3211 1280 3275 qunm
1303 3191 1504 3261 Macedonas
1534 3219 1636 3260 unum
1656 3220 1774 3285 npemn
1797 3195 1952 3262 babuisse
1972 3207 2115 3282 constet,

499 3315 644 3384 eosque,
674 3292 708 3356 id
735 3291 827 3380 qnod
853 3291 1008 3358 Dukerus
1038 3305 1071 3358 ct
1097 3292 1300 3381 Dop'ringius
1326 3291 1452 3382 opinati
1478 3305 1573 3376 sunt,
1595 3294 1792 3362 vocabulum
1813 3295 1950 3361 latinum
1973 3297 2058 3388 lepio
2081 3297 2119 3390 ἰιΙ

497 3400 619 3486 lepesin
645 3405 805 3461 mutatum
834 3417 1031 3484 usurpasse,
1060 3419 1126 3460 nou
1154 3394 1325 3483 probabile
1352 3397 1416 3480 sit,
1438 3397 1612 3464 verborum
1644 3397 1912 3486 interpunctione
1940 3411 2062 3467 mutata
2083 3414 2117 3468 et

498 3497 659 3570 uocabulo
679 3497 771 3564 milio
793 3497 934 3582 adiecto,
952 3497 1089 3588 scripsi:
1116 3498 1260 3566 Deiecto
1284 3502 1403 3567 deinde
1426 3511 1460 3570 et
1481 3505 1609 3573 viribus
1632 3511 1667 3570 et
1685 3506 1806 3572 robore
1828 3507 1950 3572 aetatis
1965 3525 2008 3569 aa·
2026 3506 2117 3570 omni

499 3616 724 3674 caetratorum
744 3626 883 3668 numero
906 3603 971 3666 duo
994 3601 1085 3666 milia
1107 3613 1223 3667 erant:
1248 3628 1365 3694 apeme
1388 3606 1475 3672 laone
1497 3609 1564 3696 ipsi
1583 3607 1745 3700 lepicnem
1770 3607 1949 3674 vocabant.
1971 3603 2047 3675 ΒΟ.
2070 3610 2114 3677 Β.

498 3711 556 3778 Sic
579 3709 664 3777 inlra
687 3731 761 3797 cap·
785 3705 838 3770 58.
860 3704 997 3772 Medius
1017 3707 1163 3769 omraium
1187 3717 1365 3772 rexerat·
1390 3710 1482 3776 eirea
1504 3733 1580 3776 eum
1603 3733 1732 3800 apeme,
1757 3710 1848 3805 quod
1868 3720 2000 3796 vocant,
2023 3713 2116 3806 equi·

500 3827 635 3910 tumque
660 3833 779 3876 saeros
808 3807 903 3888 alae,
926 3817 960 3871 et
979 3806 1167 3894 XXXVII,
1188 3807 1242 3874 40.
1264 3811 1397 3876 Addita
1419 3809 1470 3876 lais
1493 3809 1549 3875 cla
1571 3813 1665 3878 mille
1684 3811 1792 3899 fernae
1809 3816 1977 3907 equitumr
1999 3837 2116 3906 apeme

499 3941 573 3984 conr
594 3915 771 3980 vocabant.
818 3909 991 3972 Praeterea
1014 3907 1111 3974 ctiam
1134 3934 1234 4000 supra
1258 3935 1331 4000 cap.
1348 3912 1402 3978 47.
1420 3915 1485 3979 duo
1506 3916 1655 4001 perlitum
1679 3937 1740 4004 pru
1765 3917 1830 3982 rtur
1852 3918 1945 3982 milio
1964 3899 2118 4003 peditura

499 4021 534 4085 in
561 4018 675 4083 codiee
704 4013 839 4101 legitur.
891 4011 943 4076 De
972 4011 1044 4076 vitii
1073 4013 1246 4114 origine-p
1270 4018 1464 4104 permutatis
1488 4042 1695 4086 numerorum
1719 4021 1807 4086 uotis
1827 4022 1881 4101 ΙΙ,
1906 4019 2013 4088 idest
2035 4023 2115 4106 dus,

500 4121 590 4211 quod
611 4119 646 4185 in
668 4116 783 4184 codiee
806 4113 1027 4204 perscriptum
1051 4129 1113 4202 est,
1138 4131 1170 4182 ct
1190 4121 1247 4200 11,
1271 4119 1304 4183 id
1328 4132 1378 4185 est
1398 4123 1464 4186 duo
1487 4123 1593 4205 milio,
1617 4123 1795 4212 repetenda
1817 4121 1886 4189 vid.
1907 4120 2052 4191 Gronov.
2075 4115 2117 4192 ad

499 4223 575 4290 Liv.
594 4216 764 4298 xxxiv,
789 4215 841 4302 ld,
865 4215 898 4282 d.
921 4230 1021 4306 atque
1043 4215 1084 4283 de
1108 4219 1267 4285 vocabulo
1290 4214 1402 4310 ἔγημα
1424 4226 1467 4289 cl.
1488 4223 1613 4292 Sturzii
1635 4227 1756 4292 librum
1781 4226 1823 4298 de
1845 4224 1987 4298 dialecto
2007 4223 2115 4294 blace-

443 4341 451 4356 ‘
500 4325 618 4394 tlonica
642 4335 675 4387 et
697 4321 923 4415 Alexandrina
947 4345 980 4408 p.
1006 4318 1058 4389 30.
1081 4333 1116 4388 et
1138 4321 1296 4388 llaesiunr
1319 4323 1360 4386 ad
1386 4317 1601 4415 Xenopbont.
1627 4327 1668 4392 de
1692 4322 1778 4416 llep.
1800 4328 1925 4394 Laesd.
1954 4351 2030 4418 cap.
2064 4324 2115 4396 ll.

499 4455 535 4523 p.
553 4429 628 4498 27⁴.
642 4447 719 4517 sqq.
745 4427 803 4514 qui
818 4421 905 4490 bivii
925 4427 1089 4493 editiones
1110 4441 1220 4494 nostra
1241 4427 1362 4517 pariter
1381 4451 1421 4492 ac
1437 4423 1783 4518 baumgarten·Crnsii
1802 4445 1839 4499 at
1855 4431 1993 4498 llelrlreri
2007 4449 2117 4519 open

499 4531 674 4599 adamans
700 4527 868 4617 inspicere
898 4524 1096 4616 dedignatus
1124 4530 1233 4596 locum
1262 4556 1280 4597 a
1306 4533 1403 4600 nobis
1432 4535 1616 4612 certissima
1646 4535 1874 4604 emendations
1907 4547 2117 4626 personatum

500 4661 535 4729 p.
558 4635 633 4704 270.
656 4655 773 4700 rursus
795 4633 840 4698 ita
861 4637 1021 4723 corrupit,
1045 4647 1080 4701 ut
1101 4659 1292 4726 perperame
1316 4639 1404 4704 trane
1425 4641 1539 4726 ipsius,
1563 4639 1598 4708 ld
1620 4651 1671 4706 est
1698 4643 1807 4732 repis,
1832 4641 1994 4732 reponem
2022 4645 2118 4710 earu

395 4753 400 4774 ‘
501 4731 603 4824 triu,
634 4735 846 4806 scribendum
875 4758 950 4804 esse
979 4737 1193 4808 existimaret.
1225 4777 1266 4792 -·
1296 4739 1500 4827 horratum]
1529 4741 1614 4808 Cod.
1645 4743 1855 4826 demontrat,
1881 4743 1972 4832 qnod
2003 4745 2058 4812 bic
2083 4757 2121 4812 et
