4770 5994
513 825 635 929 terit,
661 841 699 908 et
727 841 939 940 praeterea
965 829 1140 915 aliorum
1170 859 1338 946 quoque
1371 836 1646 940 coniecturas,
1683 863 1768 922 non
1795 835 1904 920 edito
1932 837 2110 924 auctoris

513 972 702 1075 nornine,
738 973 902 1085 vulgato
930 975 1202 1080 substituerit,
1240 974 1341 1088 quid
1370 976 1522 1063 codicis
1550 979 1799 1083 auctoritati,
1834 979 1936 1092 quid
1965 981 2108 1065 conie-

512 1131 654 1202 cturae
682 1119 958 1232 probabilitati
981 1121 1247 1206 tribuendum
1276 1123 1337 1228 sit,
1361 1121 1529 1236 intelligi
1556 1139 1745 1234 nequeat.
1809 1121 2000 1238 Denique
2028 1153 2109 1211 no-

510 1270 672 1352 minum
701 1272 965 1386 propriorum
995 1274 1255 1386 aliorumque
1284 1265 1582 1352 vocabulorum
1611 1265 1855 1380 'scripturam
1884 1265 1939 1350 ad
1955 1266 2108 1353 codicis

511 1427 550 1494 et
581 1411 771 1496 editionis
797 1414 1006 1530 principis,
1036 1443 1164 1527 quam
1186 1432 1324 1499 tamen
1343 1414 1475 1527 ipsam
1499 1439 1583 1494 non
1612 1409 1877 1514 consuluisse,
1901 1427 2108 1496 certenon

510 1557 724 1671 diligenter
752 1561 979 1675 inspexisse
1007 1561 1227 1660 videtur-⁹),
1262 1558 1389 1643 fidem
1428 1557 1709 1659 consor-mare,
1742 1556 1914 1640 leviores
1953 1556 2109 1668 aliquot

509 1704 701 1788 lectiones
729 1730 756 1787 a
783 1732 851 1786 me
882 1705 947 1786 vel
975 1705 1159 1789 consulto
1188 1705 1253 1796 ¹vel
1280 1720 1433 1788 temere
1460 1705 1767 1820 praetermissas
1791 1732 1845 1788 ex
1873 1702 2014 1788 codice
2036 1733 2107 1786 re-

509 1852 644 1966 cipere
683 1865 807 1960 atque
843 1850 1065 1934 nonnullas
1101 1851 1287 1935 locorum
1325 1851 1644 1968 depravatorum
1682 1851 1987 1938 emendationes
2015 1869 2107 1936 eta

507 1999 710 2080 nobismet
748 1997 845 2111 ipsis
884 2015 922 2080 et
947 2000 1000 2082 ab
1035 1999 1124 2082 aliis
1153 2000 1367 2084 inchoatas
1394 2001 1605 2085 absolvere
1634 2001 1729 2084 satis
1758 2001 1923 2105 habuit;
1952 1997 2022 2082 sed
2053 2026 2107 2081 ex

508 2143 607 2226 locis
630 2143 708 2226 illis
737 2141 960 2256 desperatis
990 2170 1039 2227 ac
1069 2171 1202 2258 paene
1230 2145 1494 2229 conclamatis
1525 2173 1579 2227 ne
1607 2173 1739 2227 unum
1768 2141 1936 2255 quidem
1966 2142 2106 2258 pristi-

506 2317 587 2372 nae
612 2279 829 2400 integritati
854 2288 1112 2371 coniecturae
1137 2316 1215 2402 ope
1240 2290 1449 2372 restituere
1473 2306 1644 2374 conatus
1669 2289 1807 2390 est¹⁰).
1838 2283 1958 2393 Quae
1973 2313 2106 2398 quum

507 2435 565 2519 ita
594 2465 637 2518 se
666 2434 858 2538 habeant,
888 2435 978 2517 iure
1006 2436 1236 2546 meritoque
1259 2461 1369 2518 atne
1398 2435 1596 2550 postulari
1624 2435 1852 2540 videbatur,
1881 2452 1926 2518 ut
1954 2461 2107 2518 nomen

507 2598 601 2666 ante
638 2579 788 2664 multos
826 2608 956 2664 minos
994 2596 1250 2666 contractum
1285 2581 1455 2666 tandem
1493 2582 1719 2695 aliquando
1753 2583 2037 2685 dissolverem,
2066 2597 2107 2664 et

507 2728 560 2812 de
589 2726 696 2810 Livii
724 2728 823 2812 locis
851 2729 1003 2840 partim
1033 2757 1087 2812 ex
1116 2727 1257 2813 codice
1287 2709 1600 2809 Vindobonensi
1628 2727 1833 2842 restitutis,
1861 2726 2011 2841 partim
2037 2753 2106 2808 se-

495 2871 693 2956 cundum
721 2893 836 2948 meas
860 2867 1120 2976 aliorumque
1145 2865 1399 2948 coniecturas
1427 2867 1653 2950 emendatis
1675 2858 1876 2952 rationem
1897 2869 2106 2955 bonafide

505 3015 746 3118 redderem,
775 3013 1001 3123 simulque,
1038 3037 1170 3122 quum
1199 3039 1263 3093 res
1292 3009 1473 3121 maligna
1498 3008 1679 3095 Bekkeri
1712 3012 1919 3096 reticentia
1948 3015 1990 3096 in
2020 3013 2104 3097 du·-

454 3151 460 3167 “
506 3166 623 3250 bium
652 3178 755 3245 esset
781 3175 993 3263 revocata,
1022 3185 1116 3244 mea
1145 3157 1251 3240 mihi
1280 3151 1528 3238 auctoritatis
1556 3151 1646 3235 iure
1674 3151 1940 3236 vindicarem.
1978 3152 2103 3238 *Pro—

506 3325 645 3427 pterea
673 3305 813 3389 omnia
839 3303 1030 3405 omnino,
1057 3329 1166 3412 quae
1194 3299 1247 3383 de
1274 3297 1381 3381 Livii
1409 3297 1509 3381 locis
1537 3325 1592 3380 ex
1622 3295 1763 3382 codice
1792 3295 2103 3384 Vindobonansi

505 3454 569 3537 vel
609 3451 835 3536 emendatis
872 3449 937 3531 vel
960 3445 1236 3564 emendandis
1270 3447 1315 3528 in
1350 3445 1463 3529 libris
1491 3445 1718 3556 libellisque
1743 3473 1769 3530 a
1797 3473 1865 3528 me
1893 3446 2010 3529 editis
2029 3449 2102 3531 'le—
2182 3531 2186 3538 ,

505 3597 738 3714 guntur¹¹),
769 3597 927 3681 omissis
957 3613 1096 3679 tamen
1124 3594 1186 3698 iis,
1216 3618 1324 3704 quae
1354 3588 1406 3672 de
1424 3589 1719 3704 orthographia
1747 3590 1833 3673 sive
1860 3589 2104 3676 formula'et

504 3750 662 3835 ratione
690 3745 910 3847 scribendi,
936 3770 1063 3854 quam
1092 3741 1286 3823 librarius
1315 3751 1546 3820 constanter
1573 3749 1736 3819 secutus
1766 3753 1838 3839 cst,
1872 3753 1911 3819 et
1940 3735 1992 3820 de
2025 3765 2100 3822 ra·-

436 3947 441 3953 -
504 3895 575 3979 riis
605 3922 653 3978 ac
683 3891 817 3993 miris,
856 3889 1007 4001 quibus
1043 3886 1279 4000 saepissime
1308 3880 1527 3996 implicitus
1564 3897 1643 3978 est,
1683 3883 1888 3966 erroribus
1924 3884 1992 3968 hio
2020 3885 2102 3972 illic

505 4037 699 4154 exposui,
735 4035 791 4120 ita
834 4035 894 4118 in¹
913 4061 1045 4117 unum
1084 4023 1312 4144 colligenda
1347 4024 1597 4128 existimavi,
1635 4041 1681 4108 ut
1717 4025 1798 4111 alia
1825 4041 2100 4136 retractarem,

506 4182 587 4266 alia
624 4181 754 4294 magis
788 4181 912 4286 etiam
949 4175 1262 4274 confirmarem,
1299 4186 1338 4252 et
1366 4167 1418 4251 de
1447 4171 1590 4254 ceteris
1618 4201 1785 4283 quoque
1813 4170 1919 4256 Livii
1949 4176 2047 4260 locis
2074 4205 2100 4261 a

504 4355 572 4410 me
599 4342 741 4442 postea
768 4325 994 4408 emendatis
1023 4323 1088 4406 vel
1117 4320 1170 4404 de
1198 4317 1351 4404 mendo
1368 4314 1472 4397 mibi
1488 4316 1684 4430 suspectis
1711 4315 1885 4398 breviter
1905 4319 2099 4401 strictim-

396 4530 399 4539 ·
503 4500 587 4583 que
616 4469 808 4554 dicerem.
865 4465 1007 4577 Neque
1036 4466 1148 4549 enim
1175 4463 1220 4545 id
1250 4466 1442 4578 agebam,
1477 4483 1521 4548 ut
1551 4466 1652 4550 alias
1681 4467 1857 4550 aliorum
1887 4469 2099 4582 opiniones

504 4633 629 4727 atque
665 4617 920 4701 coniecturas
958 4641 983 4698 a
1020 4611 1364 4698 Drakenborchio
1407 4581 1452 4693 'et
1495 4611 1790 4697 recentioribus
1826 4611 1934 4696 Livii
1969 4617 2099 4700 inter-

503 4763 699 4879 pretibus,
728 4761 854 4845 veluti
881 4758 1156 4874 Heusingero‚
1186 4759 1363 4876 prolatas
1392 4763 1595 4880 copiosius
1625 4794 1878 4882 exponerem
1906 4793 1955 4852 ac
1981 4768 2099 4854 resu-
