4814 5970
474 671 698 785 tu*

329 879 331 892 '
472 869 581 958 posite
611 866 707 934 l'nnile
734 865 879 955 potuerit
909 867 1080 951 excidere,
1112 869 1154 936 Si
1182 872 1211 938 is
1240 895 1322 962 uper
1354 871 1487 960 scripsi.
1519 867 1594 937 ΒΟ.
1625 871 1668 936 Β.
1714 865 1796 934 vit.
1820 891 1905 956 qous
1927 893 2028 958 supro
2050 868 2095 936 ud

473 996 547 1059 cop.
568 971 600 1038 9.
622 970 789 1037 enootovi.
814 1005 854 1020 -
877 970 1039 1037 Antiochi
1061 993 1128 1036 oon
1160 971 1295 1058 luisset]
1322 972 1406 1040 Cod.
1439 974 1564 1038 cntioci
1587 995 1656 1036 uon
1676 975 1876 1060 peruissent.
1922 971 2014 1057 Quid
2037 969 2094 1038 bic

472 1073 591 1156 latent,
619 1073 676 1142 elii
705 1072 918 1158 investigent.
949 1107 985 1124 -
1018 1071 1070 1136 Ne
1098 1073 1188 1161 quod
1215 1071 1312 1140 detur
1334 1074 1487 1164 quidem]
1511 1073 1596 1141 cot.
1620 1098 1664 1140 rte
1684 1099 1750 1169 quo
1779 1075 1880 1142 detur
1906 1079 1965 1171 qui
1993 1076 2096 1142 detor

474 1179 619 1272 quidem.
666 1177 717 1242 Es
740 1174 867 1264 duplici
895 1175 1019 1241 codicis
1050 1179 1232 1261 scripturn,
1262 1173 1328 1238 nisi
1350 1176 1435 1240 l'ortc
1456 1172 1616 1262 porticulo
1640 1175 1774 1264 quidem
1796 1173 1917 1258 ell'ccit,
1942 1185 1978 1239 ut
1997 1173 2095 1239 lilrrs·

472 1283 542 1350 rius
570 1281 613 1346 sd
644 1277 874 1369 praecedentis
903 1277 1084 1365 respiciens
1114 1281 1174 1371 qui
1204 1279 1303 1343 detur
1331 1291 1482 1365 ponerct,
1511 1275 1663 1364 colliges,
1691 1275 1895 1343 Crevierium
1922 1289 2011 1344 reete
2039 1280 2097 1345 coti

476 1410 537 1475 pro
553 1385 644 1478 quod
665 1382 889 1472 reponendum
906 1380 1089 1446 censuisse.
1136 1379 1306 1446 vocabule
1327 1385 1382 1450 otti
1400 1391 1433 1448 et
1455 1385 1515 1477 qui
1534 1405 1552 1448 ι
1572 1382 1715 1448 librariis
1731 1405 1832 1470 saepe
1853 1383 2092 1472 permutentur.

475 1487 529 1556 Cl.
554 1491 729 1552 Annoutt.
753 1484 794 1549 sd
817 1483 890 1550 Liv.
915 1481 1086 1564 ΧΧΧΙΙΙ,
1110 1481 1163 1547 35.
1180 1505 1215 1570 p.
1239 1484 1293 1550 86.
1320 1522 1355 1534 —
1383 1486 1503 1553 luctum
1527 1498 1560 1551 et
1581 1510 1619 1552 cu
1639 1485 1857 1572 benignitate]
1883 1485 1966 1552 Cod.
1992 1487 2094 1552 letum

474 1601 507 1656 el
529 1613 570 1654 eo
592 1589 837 1680 benipuitutem.
880 1585 1044 1651 Voculam
1067 1596 1112 1666 et,
1136 1609 1221 1675 quse
1244 1585 1393 1652 Manutin
1417 1588 1451 1652 in
1473 1612 1516 1653 ex
1536 1587 1690 1653 metenda
1714 1585 1898 1668 ridebatur,
1921 1585 1961 1650 de
1981 1586 2094 1652 Crevi-

474 1691 534 1757 erii
554 1703 588 1757 et
608 1689 869 1756 Drakenborclrii
891 1689 1055 1755 sententis
1074 1689 1230 1778 expunxi.
1255 1689 1330 1755 BC.
1355 1692 1397 1757 Β.
1417 1729 1460 1742 -
1483 1714 1617 1756 munere
1641 1689 1705 1755 sibi
1726 1689 1834 1779 ipsum
1857 1689 1991 1776 emisse]
2005 1689 2091 1754 Cod.

473 1823 614 1866 munera
635 1797 701 1866 sibi
721 1801 783 1888 ipsi
800 1801 865 1863 emi
884 1803 930 1863 ηδ
950 1801 982 1864 si
1001 1822 1092 1881 esse,
1119 1797 1237 1864 rocula
1264 1803 1327 1881 ud,
1352 1796 1385 1862 id
1416 1807 1467 1863 est
1491 1819 1577 1879 nort,
1608 1796 1642 1859 in
1674 1805 1820 1859 crtremo
1846 1816 1942 1858 versu
1970 1791 2091 1880 posite.

476 1903 584 1988 Quae,
608 1927 709 1992 quum
733 1901 825 1992 prius
848 1902 958 1966 minos
981 1901 1198 1990 probabiliter
1221 1902 1367 1968 noluisse
1390 1900 1620 1982 coniecissem,
1640 1899 1777 1966 certiore
1801 1897 2028 1964 emendatione
2044 1897 2094 1963 sic

472 2007 616 2092 restitui,
640 2019 676 2074 nt
696 2032 837 2075 mutiero
858 2010 923 2075 sttt
944 2010 1008 2094 ipsi
1029 2011 1094 2072 emi
1113 2032 1181 2072 uon
1203 2012 1287 2074 sisse
1317 2004 1508 2072 scriberem.
1541 2004 1616 2070 ΒΟ.
1648 2005 1691 2068 Β.
1744 1999 1797 2066 De
1828 1999 1930 2066 lorrnt
1962 1997 2095 2066 inliciti-

471 2137 587 2181 vorum
609 2116 692 2179 sisse
719 2123 752 2178 et
779 2113 904 2178 desisse
933 2111 1001 2176 vid.
1032 2111 1281 2178 Drslrcnborcb.
1306 2109 1347 2174 od
1370 2108 1445 2174 Lir.
1471 2107 1535 2191 ΙΙΙ,
1558 2107 1611 2190 18,
1634 2105 1667 2170 6.
1692 2118 1724 2170 ct
1748 2105 1811 2188 ΙΧ,
1839 2103 1895 2186 46,
1924 2103 1956 2168 3.
1986 2139 2025 2154 ··
2057 2101 2095 2168 in

472 2237 611 2302 regnum
634 2224 686 2278 est
707 2213 891 2302 proiectus]
915 2211 998 2278 Cod.
1030 2215 1066 2278 in
1094 2236 1235 2303 reputem
1257 2221 1308 2279 est
1337 2211 1510 2302 profectus
1541 2222 1720 2304 uotumque
1742 2215 1755 2274 i
1775 2211 1848 2275 asta
1877 2207 2019 2292 tettan,
2049 2207 2095 2275 ito

474 2318 621 2408 quidem,
647 2323 718 2380 uti
736 2339 796 2406 pro
819 2319 854 2380 in
877 2315 1021 2406 positum
1046 2313 1078 2378 in
1110 2326 1256 2380 extremo
1278 2336 1373 2379 versu
1405 2312 1544 2401 legetur.
1591 2312 1798 2378 Vocabulum
1824 2325 2001 2408 uotumque
2028 2313 2093 2378 iem

474 2417 672 2484 anbecius
696 2441 737 2482 cx
758 2415 872 2481 codice
897 2415 1046 2500 eddidit,
1076 2427 1185 2481 cetere
1212 2439 1254 2480 ex
1282 2415 1431 2500 duobus,
1463 2418 1522 2506 rpri
1549 2417 1654 2483 literis
1681 2417 1946 2482 exolescentibus
1978 2413 2096 2504 scripti

472 2532 670 2612 sequuntur,
692 2520 840 2586 versibus
866 2519 1028 2609 liopitrrii
1046 2517 1207 2584 industrio
1231 2518 1326 2582 eruit.
1365 2518 1456 2602 Quid
1480 2533 1587 2583 eutem
1611 2531 1721 2585 actum
1738 2521 1773 2584 in
1787 2521 1875 2585 Asia
1892 2517 2014 2584 bellum
2030 2519 2095 2586 boc

473 2629 549 2696 loco
572 2625 747 2714 significet,
768 2649 871 2714 quum
892 2649 1001 2712 neque
1025 2623 1196 2713 probabile
1218 2623 1274 2704 sit,
1298 2621 1431 2686 Livium
1459 2621 1580 2686 bellum
1610 2646 1731 2712 opere,
1764 2621 1804 2685 dc
1834 2645 1901 2710 quo
1929 2622 2001 2689 Cic.
2033 2609 2094 2711 pro

476 2735 569 2800 linlb.
594 2758 666 2822 cap.
688 2733 741 2799 20.
766 2744 798 2798 et
820 2729 1070 2797 Drakenborch.
1093 2729 1134 2793 ed
1160 2727 1233 2794 Liv.
1268 2723 1358 2814 Epit.
1388 2722 1518 2788 XLlX.
1550 2725 1647 2793 velim
1679 2726 1851 2810 conlcrus,
1881 2749 1943 2814 pro
1972 2726 2098 2794 tottam

472 2861 611 2929 perere,
635 2835 832 2901 insolentius
861 2836 1006 2918 dixisse,
1037 2856 1145 2921 neque
1168 2855 1209 2898 cx
1232 2829 1307 2895 Ltv.
1333 2827 1380 2913 X,
1403 2827 1457 2893 31.
1473 2821 1539 2892 ¹ubi
1563 2829 1653 2894 bello
1673 2853 1776 2918 apere
1810 2829 1895 2895 idem
1925 2842 1975 2895 est
2003 2829 2099 2920 quod

476 2938 562 3007 tetta
584 2941 776 3007 mummulo
803 2939 973 3033 persequi,
998 2933 1156 3022 explicari
1180 2933 1307 3024 possit,
1328 2931 1497 3038 innmcdiu
1517 2931 1770 3021 relinquendum
1793 2934 1933 3000 ridetur.

940 3249 1657 3290 ψ
