4770 5994
511 657 536 726 4

511 819 764 906 acutioribus
792 820 1034 936 corrigenda
1061 823 1334 934 relinquerem
1350 823 1392 904 ⁴).
1428 821 1616 906 Tantum
1645 822 1757 906 enim
1782 825 1908 928 abest,
1927 843 1972 910 ut
1993 823 2106 940 Gry-

512 994 655 1073 naeus,
676 970 793 1088 cuius
822 997 996 1056 acumen
1028 987 1066 1054 et
1095 971 1314 1056 sollertiam
1339 970 1383 1053 in
1411 969 1600 1053 tollendis
1625 968 1781 1052 librarii
1798 969 1960 1054 mendis
1976 999 2108 1086 paene

458 1120 463 1130 ’
512 1116 742 1202 innumeris
772 1135 811 1202 et
837 1118 997 1204 lacunis
1036 1118 1260 1202 maioribus
1296 1117 1575 1201 minoribusve
1603 1116 1866 1236 probabiliter
1894 1116 2109 1232 explendis

513 1292 598 1347 non
626 1265 743 1379 potui
770 1294 855 1349 non
884 1268 1090 1380 suspicere
1116 1283 1248 1377 atque·
1267 1261 1485 1364 admirari,
1523 1262 1663 1347 onnia
1699 1261 1915 1344 absolverit
1942 1279 1981 1346 et
2008 1291 2108 1378 per-

512 1405 667 1514 fecerit,
697 1427 743 1494 ut
769 1409 982 1524 permultis
1010 1408 1053 1493 in
1084 1409 1204 1512 locis,
1232 1407 1275 1492 id
1306 1406 1418 1520 quod
1447 1407 1489 1487 in
1518 1406 1712 1488 orationis
1741 1421 1933 1489 contextu
1943 1470 1955 1509 ,
1983 1435 2109 1518 quem

515 1552 738 1668 Gryuaeus
768 1556 897 1640 instar
924 1555 1059 1668 operis
1088 1555 1260 1638 tesselati
1286 1553 1501 1638 artificiose
1530 1551 1815 1665 composuit⁵),
1845 1551 1920 1634 vix
1946 1554 2109 1658 sentias,

515 1702 616 1815 quid
639 1701 782 1788 Livius
810 1704 1029 1818 scripserit,
1061 1684 1248 1785 nondum
1277 1699 1332 1784 ad
1359 1697 1563 1810 liquidum
1593 1696 1911 1809 confessumque
1937 1697 1987 1794 sit
2010 1725 2109 1811 per-

514 1846 697 1932 ductum.
753 1843 815 1932 Eo
843 1848 973 1960 magis
1001 1847 1125 1961 igitur
1152 1849 1323 1932 laetatus
1351 1881 1463 1955 surn,
1500 1849 1614 1962 quod
1649 1849 1844 1966 opinione
1873 1850 1991 1934 citius
2019 1865 2110 1963 post

513 1987 756 2097 Taselinm,
790 1991 843 2078 de
879 2023 963 2105 quo
999 1989 1107 2078 Livii
1143 1991 1296 2076 editore
1333 2009 1466 2078 tacere
1504 2009 1680 2108 praestat
1715 2020 1843 2103 quarn
1880 2021 2013 2107 pauca
2042 1990 2110 2074 di-

516 2135 667 2243 cere⁶l,
697 2139 739 2220 in
770 2137 907 2225 locum
940 2167 1083 2223 mcum
1112 2139 1305 2224 successit
1333 2135 1844 2253 Baumgarten-Crusius,
1874 2140 1948 2251 qni
1979 2169 2112 2250 quum

516 2287 653 2395 quarti
680 2283 868 2372 editionis
896 2303 1059 2370 nostrae
1093 2287 1311 2370 voluminis
1339 2284 1526 2369 nondum
1556 2286 1693 2368 emissi
1720 2287 1906 2402 plagulas
1935 2315 1959 2371 a
1989 2257 2111 2402 typo-

516 2428 676 2542 grapho
705 2427 938 2542 accepisset,
963 2429 1011 2510 in
1035 2429 1252 2543 postremis
1279 2427 1385 2512 Livii
1415 2431 1526 2516 libris
1556 2431 1727 2517 edendis
1757 2435 1812 2518 ita
1839 2452 2026 2519 versatus
2042 2455 2112 2536 est,

514 2588 578 2675 ut,
606 2574 751 2684 quum·
768 2573 863 2688 ipsa·
884 2573 1036 2659 codicis
1053 2571 1387 2658 vindobonensis
1415 2575 1629 2660 collatione
1655 2579 1717 2660 uti
1738 2605 1821 2660 non
1844 2595 1991 2694 posset,
2007 2607 2115 2688 quae

517 2715 582 2799 vel
609 2717 760 2805 codicis
778 2717 1058 2802 auctoritatem
1086 2719 1151 2800 rel
1168 2720 1425 2806 coniecturae
1443 2723 1771 2836 probabilitatem
1789 2743 1951 2810 secutus
1967 2753 2114 2808 emen-

517 2863 701 2964 dassem,
726 2864 890 2983 ‘partim
920 2878 1059 2974 aperte
1086 2878 1124 2944 et
1152 2860 1410 2973 simpliciter,
1441 2875 1486 2942 ut
1514 2861 1687 2963 solebat,
1717 2865 1909 2975 probaret
1937 2865 2003 2946 vel
2030 2865 2115 2948 im-

515 3009 732 3120 probaret,
768 3019 808 3087 et
843 3029 962 3087 suam
993 3003 1146 3114 ubique
1177 3006 1374 3087 rationem
1406 3023 1580 3098 teneret,
1620 3007 1792 3118 partim,
1830 2989 1962 3119 quum
1996 3011 2114 3097 Livio

519 3181 604 3237 non
632 3169 807 3256 tanturn,
832 3169 1037 3263 quantum
1065 3151 1275 3254 Suetonio,
1304 3147 1535 3262 diligentiae
1559 3151 1748 3234 tribuisse
1766 3153 1965 3258 videatur,
1996 3160 2115 3244 tacite
2194 3179 2204 3198 ‘

517 3295 758 3412 praeteriret
785 3323 834 3382 ac
860 3269 1088 3410 negligeret.
1140 3295 1315 3378 Biennio
1345 3293 1495 3378 deinde
1522 3297 1747 3399 interiecto,
1774 3327 1904 3411 quum
1934 3275 2115 3388 Tauch-

516 3442 648 3524 nitius
661 3441 716 3526 de
744 3459 831 3526 arte
859 3443 1157 3558 typographica
1185 3443 1304 3556 longe
1333 3441 1616 3524 meritissimus
1645 3439 1748 3524 mihi
1777 3441 2057 3554 significasset,
2072 3475 2115 3530 se

520 3586 565 3670 id
592 3611 727 3699 agere,
755 3601 803 3669 ut
830 3583 938 3668 Livii
965 3585 1232 3669 historiarum
1266 3587 1390 3671 libros
1427 3616 1512 3670 uno
1548 3587 1765 3670 volumine
1795 3593 2115 3705 comprehensos

516 3733 727 3844 simulque
753 3733 800 3815 in
825 3761 902 3816 sex
932 3733 1143 3816 volmnina
1173 3731 1322 3816 divisos
1352 3731 1457 3836 edat,
1487 3751 1536 3836 et,
1557 3751 1601 3816 ut
1618 3749 1790 3839 textum,
1813 3765 1939 3847 quem
1955 3757 2114 3844 vocant,
2220 3759 2221 3764 '

523 3874 660 3962 denuo
687 3901 1035 3989 recognoscerem,
1064 3879 1213 3960 iterum
1241 3877 1473 3988 iterumque
1501 3899 1694 3992 rogasset,
1713 3848 1989 3970 conditionem
2009 3887 2115 3973 ultro

522 4023 703 4106 oblatam
732 4051 782 4106 eo
806 4021 1012 4104 lubentius
1042 4024 1195 4135 accepi,
1224 4051 1308 4131 quo
1337 4023 1466 4133 magis
1496 4021 1622 4126 dolui,
1651 4025 1855 4127 maiorem
1875 4027 1988 4112 illam
2009 4030 2117 4117 Livii

524 4167 746 4250 editionem
774 4195 849 4281 per
878 4169 1200 4252 inexcusabilem
1231 4197 1394 4269 eorum,
1423 4170 1497 4278 qui
1523 4197 1744 4281 operarum
1777 4173 1959 4286 pericula
1983 4179 2113 4260 corri-

523 4331 676 4428 gerent,
692 4312 924 4433 socordiam
953 4331 1010 4398 tot
1037 4313 1241 4422 tantisque
1270 4309 1430 4392 mendis
1460 4315 1765 4428 typographicis
1795 4345 1882 4398 esse
1903 4316 2116 4405 deforma-

415 4493 419 4499 ·
524 4453 671 4540 tam⁷).
738 4453 790 4539 Ut
825 4455 946 4569 igitur
988 4459 1158 4541 alteram
1197 4484 1372 4566 eamque
1408 4457 1611 4540 minorem
1652 4455 1759 4541 Livii
1795 4460 2036 4568 editionem,
2073 4465 2117 4550 irl

525 4604 637 4716 quod
667 4600 922 4688 Crevierium
951 4635 1117 4717 quoque
1145 4607 1190 4688 in
1218 4601 1327 4686 Livii
1357 4602 1620 4686 historiarum
1654 4605 1767 4690 libris
1796 4625 1834 4690 et
1860 4605 2118 4696 Oudendor-

524 4745 642 4860 pium
672 4745 714 4825 in
732 4741 835 4826 -lulii
862 4739 1048 4828 Caesaris
1086 4746 1389 4830 commentariis
1418 4749 1588 4834 edendis
1617 4751 1760 4838 secisse
1789 4755 1979 4860 memini,
2017 4787 2118 4874 pro-
