4770 5994
1866 703 1919 778 tu

299 877 498 944 quamquem
525 855 589 922 iam
617 853 759 942 Pipbiue
785 853 818 920 in
847 855 969 920 Annei.
994 855 1428 924 atu.V.1)Lxxx1t⁷.
1457 881 1492 949 p.
1516 859 1591 927 572.
1622 885 1683 950 pro
1706 862 1920 952 Septembres

296 955 367 1046 leci
389 957 525 1026 iubebet
546 957 768 1042 Fetnnrtea,
792 956 909 1024 tollere
932 959 1130 1026 euetiuuit.“
1175 957 1457 1048 Sic·1)ueriugiua
1478 985 1515 1028 ee
1538 963 1635 1030 iactet
1656 964 1745 1033 Livii
1769 967 1920 1034 eucrotia·

297 1069 418 1130 terem
462 1059 586 1130 Verum
607 1059 696 1129 eninr
719 1081 796 1126 emo
820 1059 883 1128 iam
899 1059 1146 1148 bellemendua,
1166 1063 1199 1130 iu
1221 1063 1385 1154 quoditie
1406 1065 1590 1152 ignorabat,
1611 1069 1672 1134 boc
1691 1069 1807 1136 vitium
1831 1081 1920 1140 recte

297 1163 446 1234 mutatu.
467 1163 544 1234 BG.
565 1163 610 1232 Β.
635 1199 676 1216 -
696 1163 909 1262 Sacerdotes]
933 1164 1017 1232 cm.
1041 1168 1075 1234 in
1097 1167 1303 1250 sacerdotes,
1324 1167 1441 1233 vocula
1469 1172 1503 1234 iu
1526 1171 1658 1257 punctis
1681 1173 1920 1262 superimponi·

296 1263 341 1334 tir
362 1264 517 1352 inelucta3
540 1265 575 1331 te
596 1263 687 1354 qnod
707 1263 915 1352 iiopitarine,
939 1287 1041 1352 quum
1061 1264 1097 1331 iu
1119 1269 1244 1338 codicia
1274 1271 1450 1338 collatione
1482 1272 1778 1362 praetermisisset,
1802 1285 1920 1364 poatea

296 1391 350 1441 ue
372 1371 496 1440 docuit.
542 1369 712 1437 Librarius
735 1367 837 1452 euim,
860 1367 1021 1436 vocabule
1041 1371 1234 1436 sacerdotes
1257 1370 1393 1458 omiaac,
1419 1377 1509 1440 intre
1533 1375 1718 1464 scripturus
1742 1387 1821 1444 erut.
1847 1376 1920 1443 Fal·

297 1493 336 1540 ιο
357 1469 459 1560 igitur
476 1470 577 1537 hur.
602 1468 733 1536 Tbeol.
762 1468 950 1536 Gronovius
970 1481 1136 1538 auctorem
1160 1471 1271 1538 nescio
1296 1495 1395 1564 quem
1418 1490 1553 1544 rectatus
1575 1479 1684 1548 codici
1710 1483 1745 1544 in
1763 1480 1918 1548 sucerdo-

299 1587 348 1644 trs
378 1575 496 1642 tribuit
524 1586 571 1657 et,
603 1596 705 1664 quum
733 1571 821 1639 idem
851 1583 1002 1640 mortuus
1032 1585 1083 1640 est
1112 1575 1135 1640 l.
1163 1575 1336 1668 flaminius
1363 1580 1490 1663 offerat,
1519 1582 1628 1650 lurum
1656 1583 1850 1652 lecnnoaum
1874 1588 1921 1654 iu

295 1679 508 1748 ecribendnm
537 1677 687 1748 eeueuitc
707 1680 806 1746 Inter
827 1677 1016 1745 sacerdotes
1039 1681 1129 1745 intru
1151 1703 1227 1744 enm
1249 1705 1373 1746 erenum
1395 1694 1545 1752 mertum
1569 1696 1619 1752 eet
1639 1687 1681 1752 L.
1704 1688 1914 1754 Flamininus

294 1785 469 1874 pontifices
490 1784 557 1852 toa
580 1783 806 1850 decesserunt.
853 1781 945 1848 llaec
966 1779 1099 1868 probari
1122 1804 1189 1846 non
1217 1804 1331 1872 pocae,
1360 1809 1449 1852 nunc
1479 1799 1628 1876 epparet.
1680 1789 1833 1858 Ceterum
1860 1791 1917 1858 Fr.

296 1900 331 1959 et
350 1889 417 1957 lac.
442 1887 601 1956 Grcuucii
621 1899 753 1954 auctore
776 1885 917 1974 Sigouio
938 1883 1061 1950 reatina
1085 1883 1260 1953 eliderent
1276 1889 1318 1954 L.
1340 1890 1553 1958 Flamininus
1575 1915 1636 1982 pro
1651 1897 1694 1961 L.
1712 1895 1916 1978 Flaminiae,

296 1992 387 2082 quod
408 1992 476 2078 bie,
500 2004 536 2059 ut
556 1991 653 2076 XLI,
673 1991 728 2056 28.
752 1989 785 2056 iu
809 1989 910 2056 Frob.
936 1987 964 2052 1.
990 1998 1023 2053 et
1043 1985 1075 2052 2.
1105 1990 1143 2054 T.
1168 1993 1341 2078 Flnuainii,
1365 1995 1399 2060 iu
1423 1995 1536 2062 codiee
1558 2007 1657 2086 atque
1678 1996 1778 2065 Frob.
1795 2000 1822 2064 Ι.
1841 1998 1917 2066 etl.

295 2097 428 2186 legitur.
453 2135 494 2152 ·-
525 2098 640 2185 Furii]
669 2097 744 2164 Hoc
775 2119 893 2164 nomen
924 2093 1138 2182 alicpitario
1171 2095 1204 2160 iu
1235 2097 1361 2164 codicia
1391 2098 1568 2166 collatione
1591 2099 1750 2168 amineum
1774 2101 1807 2167 in
1839 2103 1915 2191 ipae

296 2201 412 2270 codiee
430 2201 583 2292 reperiri,
606 2225 647 2266 ex
668 2200 850 2290 ecripturae
874 2197 1056 2288 specimine
1079 2198 1288 2290 intelligitur,
1317 2203 1407 2292 quoti
1438 2205 1598 2294 Catalogu
1628 2205 1777 2274 codicum
1808 2232 1919 2276 manu·

295 2307 494 2397 aeriptoruru
516 2304 737 2373 bibliothecae
760 2303 1033 2374 Vindobonenaia
1057 2303 1222 2372 adiectum
1247 2315 1311 2374 eat.

381 2457 462 2550 Cap.
484 2457 567 2528 ΧΠ.
592 2461 756 2548 cerneret]
778 2459 864 2546 cot,
889 2483 1040 2527 cernens.
1063 2457 1116 2525 De
1135 2459 1199 2525 lroe
1221 2457 1431 2525 librariorum
1453 2483 1562 2528 errore
1584 2461 1758 2530 admodum
1788 2465 1919 2553 vulgari

296 2561 341 2628 ei.
369 2561 537 2630 Waltber.
564 2563 606 2629 ad
626 2561 736 2630 Tacit.
762 2561 886 2628 Annal.
909 2559 1010 2646 le',
1033 2561 1066 2627 7.
1093 2599 1136 2612 -
1159 2573 1193 2626 et
1215 2563 1362 2628 sexcenti
1386 2561 1529 2652 equites]
1552 2563 1636 2631 Cori.
1662 2577 1695 2634 et
1716 2591 1757 2636 uc
1777 2575 1916 2665 equites,

294 2665 401 2734 literis
423 2692 464 2736 cc
486 2668 540 2736 bie
562 2691 697 2758 quoque
718 2688 778 2754 pro
799 2664 869 2731 DC
888 2663 1020 2752 positia.
1073 2663 1264 2754 Scripturae
1287 2667 1454 2753 aperimeu
1483 2681 1516 2733 et
1535 2692 1590 2736 xc.
1616 2675 1742 2763 equites
1770 2675 1917 2760 exbibet,

294 2773 386 2866 qnod
417 2771 531 2842 nereio
561 2798 602 2839 an
631 2771 861 2860 litbograpbua
892 2794 952 2859 per
981 2794 1122 2836 errorem
1151 2766 1372 2836 aubatituerit.
1417 2767 1586 2836 Librarius
1608 2795 1742 2862 quoque
1764 2775 1876 2843 literae
1896 2803 1918 2844 c

295 2887 330 2945 et
344 2901 370 2942 x
390 2898 490 2966 saepe
513 2887 730 2965 permutasse,
746 2874 826 2940 aetia
843 2885 982 2942 constat.
1015 2873 1094 2940 vid.
1110 2871 1167 2938 Fr.
1187 2867 1348 2934 Gronovii
1371 2868 1560 2936 (thaeman.
1586 2873 1648 2958 lv,
1670 2874 1701 2938 1.
1727 2899 1761 2965 p.
1785 2877 1860 2943 bbl.
1884 2889 1918 2946 et

296 2999 381 3068 quae
397 2975 439 3042 ad
459 2975 573 3053 XLV,
595 2973 651 3042 to.
675 2973 844 3041 annotavi.
866 3008 906 3022 -·-
929 2971 1099 3041 Tribunos
1122 2971 1190 3062 bia]
1212 2971 1296 3038 cot.
1321 2973 1472 3040 tribnnos
1493 2978 1534 3060 ie,
1556 2976 1659 3042 Frub.
1685 2979 1713 3042 l.
1741 2991 1774 3046 et
1802 2981 1835 3046 2.
1859 2987 1919 3050 tri·

295 3081 401 3150 bunna
430 3081 483 3162 iic,
513 3080 604 3167 quod
630 3077 816 3162 neutum,
844 3102 945 3169 quum
978 3075 1011 3142 in
1034 3076 1147 3144 codiee
1170 3077 1356 3144 eexeeutiee
1384 3079 1412 3144 ie
1435 3101 1495 3165 pro
1517 3081 1558 3145 iie
1580 3079 1625 3146 ait
1646 3081 1804 3170 positum,
1828 3099 1918 3155 reete

293 3181 472 3250 revocavit·
516 3179 636 3248 Paullo
656 3179 752 3247 aliter
770 3179 859 3247 bunc
879 3180 988 3246 lucum
1009 3177 1182 3245 coustituit
1204 3179 1384 3248 Brittnerna
1409 3181 1599 3250 ott-arvae.
1625 3181 1698 3251 Lir.
1714 3209 1749 3275 p.
1771 3187 1844 3256 tot.
1862 3213 1914 3281 eq.

295 3323 335 3342 -
359 3284 542 3370 eexleeim]
566 3284 736 3352 Bebberue
758 3282 813 3349 bie
835 3283 977 3350 aerleeim
1000 3283 1147 3372 acripait,
1170 3285 1230 3352 sed
1252 3284 1365 3370 XLV,
1388 3285 1441 3351 35.
1465 3310 1483 3353 a
1506 3287 1639 3376 vulgato
1661 3313 1728 3355 non
1751 3291 1914 3362 diaceeait.

294 3429 337 3446 -
360 3415 402 3458 ex
423 3390 539 3458 ltalia‘
559 3391 660 3458 scribi
684 3389 784 3472 iussi]
807 3387 926 3455 Notum
953 3391 1151 3456 numeralem
1176 3413 1196 3454 u
1219 3387 1288 3454 tire
1311 3389 1347 3452 Β
1367 3411 1385 3452 a
1414 3387 1548 3454 nomine
1569 3391 1674 3458 Italic
1699 3392 1917 3486 interceptam

295 3519 371 3565 eoae
385 3505 474 3562 ratae
496 3493 608 3567 edidit
634 3517 678 3560 ex
693 3493 800 3560 Italic
819 3495 993 3590 pedamenti
1009 3493 1116 3560 scribi
1133 3495 1226 3560 nnn.
1240 3492 1317 3560 BG.
1362 3489 1476 3558 Minue
1499 3493 1714 3580 probabiliter
1734 3497 1918 3570 Lallemuu·

158 3627 168 3642 ¹
295 3600 359 3668 ea·
389 3599 563 3694 quingenti
590 3621 635 3664 eu·
654 3598 762 3665 Italia
785 3597 893 3665 scribi
917 3601 1001 3664 iunci
1026 3595 1252 3686 reponendum
1281 3617 1355 3662 enee
1384 3595 1536 3662 coniecit.
1568 3631 1608 3646 -
1641 3597 1787 3682 perlitum
1816 3599 1919 3688 quina

295 3701 418 3781 millia,
446 3697 573 3766 treeeui
593 3709 627 3764 et
649 3697 768 3764 triceni
789 3698 943 3788 equitea]
970 3697 1054 3765 cm.
1078 3710 1112 3764 et
1133 3699 1236 3766 Frob.
1263 3701 1293 3766 1.
1315 3703 1465 3789 peditum
1483 3701 1588 3796 quino
1615 3701 1708 3764 milio
1732 3703 1861 3768 treceni
1883 3713 1917 3770 et

293 3809 401 3878 m
421 3805 560 3898 equitet.
604 3801 681 3882 lam¹
697 3801 950 3886 bellemanelua,
980 3824 1079 3891 quem
1101 3815 1236 3870 aeentua
1260 3827 1353 3886 eam,
1375 3828 1416 3870 ex
1436 3801 1700 3870 Drakenborebii
1727 3804 1917 3874 coniectura

292 3913 442 4002 perlitum
463 3911 567 4000 quirin
590 3905 697 3974 millio
719 3909 841 3974 ducaei
862 3919 896 3974 et
919 3909 1041 3974 triceni
1060 3911 1188 4001 equites
1212 3905 1329 3974 edidit.
1352 3907 1427 3977 Bc.
1453 3909 1496 3976 Β.
1552 3906 1607 3974 Ci.
1632 3931 1718 3996 quoe
1745 3932 1848 3998 acpra
1871 3911 1917 3978 le·

296 4026 438 4104 gunteri
460 4014 507 4080 le
525 4013 621 4080 metio
642 4001 794 4102 finitum,
818 4021 858 4080 ut
878 4013 963 4078 dune
987 4009 1132 4102 legiones
1154 4013 1337 4094 scriberet,
1361 4037 1449 4108 quoe
1472 4014 1577 4102 puina
1599 4012 1693 4076 milio
1713 4013 1861 4100 peditum
1883 4025 1918 4082 et

297 4123 442 4190 ducrum
462 4119 647 4203 baberent,
670 4121 798 4214 renites
822 4128 990 4198 trecenae,
1014 4137 1081 4203 quo
1102 4114 1223 4182 verber
1253 4117 1390 4182 Finitan
1411 4115 1457 4181 ibi
1478 4137 1612 4210 queque
1635 4116 1670 4180 in
1690 4111 1836 4206 lepienee
1857 4120 1916 4184 mi·

297 4225 393 4292 litum
413 4247 585 4305 numerare,
611 4234 689 4288 aunt
711 4221 897 4306 reserenda,
921 4231 955 4286 et
974 4217 1104 4302 XLlY,
1119 4217 1172 4282 tt.
1197 4218 1244 4284 Iri
1263 4220 1430 4305 praesidii
1451 4215 1603 4284 additum
1620 4218 1757 4302 Anicio,
1776 4229 1917 4309 praeter

297 4327 382 4392 elene
406 4325 562 4414 lepienee,
587 4347 672 4418 quea
691 4333 830 4412 portare
850 4325 886 4388 in
907 4322 1144 4388 Macedonium
1165 4334 1216 4390 ert
1238 4325 1368 4407 irrasus,
1392 4324 1496 4416 quino
1518 4320 1611 4386 milin
1631 4323 1782 4410 peditum
1800 4333 1834 4390 et
1856 4325 1916 4392 dea·

297 4451 397 4498 cenae
417 4426 590 4512 lenientes,
616 4439 766 4494 trecenae
787 4428 929 4517 equitea.

382 4580 466 4671 Cap.
488 4579 588 4646 Xlll.
613 4603 650 4647 ea
671 4605 732 4672 pro
759 4579 869 4672 (liguis
898 4525 1040 4671 babere]
1068 4579 1172 4648 Recte
1203 4579 1437 4646 Lallemanalue
1469 4581 1638 4648 Crevierio
1667 4581 1847 4650 obaeratue
1875 4607 1915 4650 ec

295 4717 358 4782 pro
383 4691 528 4784 indignis
551 4686 677 4755 babere
700 4687 847 4778 ecripsit.
872 4687 946 4755 ΒΟ.
970 4689 1014 4755 Β.
1068 4685 1230 4754 Similiter
1258 4709 1357 4773 snpra
1388 4709 1461 4772 eap.
1487 4681 1539 4749 10.
1568 4683 1765 4780 frequentes
1784 4708 1847 4777 pro
1867 4687 1916 4753 in·

296 4795 502 4892 frequenter,
525 4805 558 4859 et
578 4780 662 4857 iniri
682 4812 755 4882 rap.
782 4787 833 4856 18.
859 4793 1103 4880 renumerabilis
1122 4813 1183 4880 pro
1208 4790 1509 4880 inexsuperabiles,
1533 4789 1662 4876 XLIV,
1676 4791 1709 4858 (i.
1731 4789 1917 4858 consultam
