4770 5994
1885 652 2073 728 ts*

316 813 537 883 trementium
554 833 572 878 n
589 809 944 900 Bounimon-Cresia
962 825 1099 902 qnoque
1115 821 1149 875 et
1161 809 1321 906 ,Belskerp
1343 833 1411 878 non
1433 813 1599 880 subletum
1622 815 1811 906 re'liqnisse.
1835 800 1933 883 llnnri

317 920 430 1002 dolie,
439 923 526 986 enim
548 918 612 983 ient
634 915 867 984 Ltllemnnclns
889 917 978 986 hune
999 915 1109 982 locon
1130 935 1173 980 ex
1195 913 1376 981 Burmanni
1402 926 1436 980 et
1456 913 1616 986 Crevierii
1636 919 1867 986 emendatione
1888 921 1933 986 its

316 1025 440 1114 optime
463 1020 625 1086 restituite
649 1023 693 1086 P.
717 1022 868 1086 licinius
892 1019 1009 1086 comiti
1029 1031 1168 1086 senatus
1189 1021 1342 1086 consulta
1364 1023 1505 1086 recitari
1531 1025 1647 1088 iussit=
1676 1027 1834 1111 primurn,
1865 1047 1931 1119 qna

316 1130 439 1197 bellum
458 1137 595 1194 senatus
618 1127 744 1194 Perseo
769 1130 937 1209 iussisset,
961 1126 1100 1208 ticirrrle,
1130 1150 1195 1220 qno
1223 1134 1365 1190 veteres·
1382 1127 1593 1192 centuriones
1622 1151 1723 1219 qnam
1749 1129 1933 1217 plurimum

316 1235 363 1300 uri
385 1234 421 1298 id
443 1232 564 1298 bellum
585 1233 691 1298 scribi
710 1234 902 1298 corruisset.
948 1227 1102 1293 Ceterum
1121 1225 1154 1290 in
1173 1225 1288 1292 eotlice
1310 1244 1445 1314 quoqne
1464 1231 1511 1294 s'i.
1529 1226 1564 1291 id
1586 1239 1638 1293 est
1653 1241 1789 1296 senntns
1804 1233 1933 1296 eorrsnl-

315 1345 397 1419 tnrn,
418 1333 552 1423 legitor.

400 1461 483 1550 (inp.
507 1455 675 1525 XXXlV.
708 1451 895 1536 decumum]
921 1449 994 1515 lloe
1015 1447 1185 1514 Bellerns
1208 1449 1241 1513 in
1264 1449 1428 1516 alecimnrn
1453 1453 1601 1519 mutavit.
1641 1453 1801 1522 Similiter
1824 1469 1930 1528 tamen

314 1569 412 1633 etiem
433 1563 562 1645 XLIV,
586 1561 618 1624 2.
644 1560 794 1640 decumo,
812 1579 884 1643 esp.
903 1553 956 1618 17.
979 1565 1127 1640 septumo
1150 1555 1300 1637 tlemtmo,
1322 1565 1355 1619 et
1375 1577 1448 1644 esp.
1472 1555 1526 1620 41.
1550 1568 1735 1644 septumum
1758 1559 1932 1626 decrtrnnm

316 1671 348 1737 in
361 1669 475 1737 codiee
496 1665 672 1755 reperitur.
693 1700 734 1710 —
749 1661 782 1724 in
797 1659 923 1724 ltnlinm
947 1655 1081 1746 portati]
1099 1655 1202 1721 Recte
1217 1655 1415 1720 Perizonius
1438 1663 1603 1745 reportati
1624 1657 1834 1728 scribentium
1856 1685 1930 1728 esso

315 1773 469 1842 coniecit.
489 1769 565 1837 130.
589 1771 633 1834 B.
678 1763 769 1832 ltlern
795 1762 921 1852 placuit
943 1760 1121 1826 Sclrneiero
1153 1761 1186 1826 in
1216 1759 1362 1827 Ernestii
1392 1761 1505 1828 Gloss.
1530 1762 1605 1828 Ltv.
1630 1787 1658 1828 s.
1683 1789 1714 1830 v.
1738 1779 1928 1852 reportare.

314 1879 372 1946 Sin
399 1877 503 1942 inires
533 1870 685 1963 Expulso
716 1894 794 1959 repe
817 1865 1003 1946 Antiocho,
1027 1867 1174 1932 subactis
1198 1865 1351 1948 Aetolis,
1381 1870 1549 1954 reportati
1574 1891 1688 1932 snmus
1716 1871 1751 1934 in
1778 1868 1927 1938 Italinrn.

315 1981 421 2070 Supra
446 1977 578 2066 quidem
603 1996 675 2060 esp.
703 1972 754 2036 18.
778 1972 920 2058 legituri
942 1971 1021 2034 Hoc
1044 1971 1214 2057 copiarum
1239 1973 1273 2034 in
1297 1969 1481 2058 Hispanias
1504 1993 1579 2036 cum
1597 1975 1813 2060 praetoribus
1835 1979 1930 2041 rionis

312 2095 484 2175 portatum
511 2091 571 2148 est.
624 2079 750 2142 Verum
778 2076 825 2140 ini
853 2099 919 2140 non
946 2072 987 2138 tle
1015 2073 1143 2154 reditu,
1171 2074 1230 2139 sod
1261 2074 1301 2140 tle
1323 2073 1527 2162 proiectione
1557 2073 1677 2162 egitur.
1707 2109 1749 2126 ·-
1781 2077 1929 2142 solientis

245 2239 252 2248 .
314 2180 462 2270 Aetolis]
485 2183 570 2250 cot.
592 2181 773 2250 suboctolis
795 2179 925 2262 aetolis,
948 2201 1014 2242 non
1034 2175 1097 2244 snlr
1120 2177 1238 2241 aetolis
1262 2175 1393 2256 aetolis,
1418 2174 1508 2264 quod
1526 2173 1722 2262 liopitnrinn
1745 2177 1779 2243 in
1802 2175 1929 2244 codicis
2047 2178 2049 2184 ’

315 2288 490 2357 collatione
512 2295 679 2373 posuerit.
700 2319 742 2334 ·-
765 2279 940 2362 Ordinem]
960 2277 1045 2344 Coti.
1068 2280 1199 2357 oraliue,
1224 2276 1314 2365 qrtod
1337 2275 1525 2344 Gronovius
1548 2277 1735 2348 coniectura
1758 2295 1928 2351 essecutus

314 2403 376 2460 est.
397 2390 473 2460 ΒΟ.
498 2393 542 2456 Β.
588 2387 757 2454 lieltherus
782 2397 889 2452 tomen
913 2385 1021 2450 eotlici
1041 2403 1215 2472 perperam
1240 2378 1356 2444 tribuit
1378 2381 1542 2460 ordinent,
1558 2379 1647 2468 qnotl
1670 2403 1688 2444 t
1711 2381 1862 2469 Grynneo
1885 2397 1930 2451 tr·

313 2494 611 2576 merefinveetum,
642 2492 836 2580 prinsquam
867 2489 907 2554 tle
937 2485 1063 2556 codicis
1101 2484 1264 2570 scripturn
1292 2494 1479 2564 constaret,
1518 2481 1668 2548 dolendit
1693 2483 1864 2552 lneolrsins
1894 2488 1929 2556 iu

312 2597 411 2664 Notis
432 2597 464 2662 in
487 2595 576 2662 Livii
599 2594 674 2659 Lib.
697 2593 867 2660 xxxttt.
892 2591 1016 2680 pitto.
1031 2614 1083 2678 sq.
1101 2621 1140 2638 «-
1164 2597 1201 2649 nt
1222 2605 1354 2670 semper
1376 2583 1420 2648 its
1444 2584 1564 2650 iecisse
1587 2609 1637 2651 me
1659 2601 1692 2652 et
1714 2587 1928 2678 imperatores

312 2701 392 2785 mei]
409 2697 494 2764 Cotl.
517 2707 557 2762 nt
576 2718 708 2782 semper·
729 2697 777 2758 ita
798 2694 948 2783 fecissem
970 2704 1007 2757 ut
1030 2692 1243 2775 imperotores
1263 2689 1339 2750 mei.
1375 2685 1468 2750 llaec
1483 2687 1656 2772 Grynncns
1676 2691 1798 2778 optime
1821 2715 1929 2762 emen·

314 2804 416 2868 rlnrit.
461 2799 609 2862 Primum
634 2795 720 2860 enim
750 2794 883 2894 alterurn
906 2791 1111 2878 pronominis
1133 2786 1334 2854 inclitorum
1356 2811 1375 2852 t
1398 2788 1550 2876 proximo
1571 2804 1602 2856 et
1621 2791 1849 2881 interceptum,
1874 2797 1927 2864 tls·

313 2905 391 2970 inde
413 2903 497 2967 lianc
520 2897 625 2986 ipsam
646 2894 815 2974 roeulern,
841 2893 875 2956 id
897 2891 988 2980 quod
1011 2890 1204 2978 snepissinre
1227 2890 1366 2972 eccidit,
1391 2891 1426 2956 in
1446 2901 1486 2958 nt
1505 2905 1660 2960 tnutnttnt
1683 2917 1756 2962 esse
1778 2911 1925 2986 apparet.

312 3005 451 3086 liestnt,
472 3011 509 3066 nt
530 2997 699 3066 Gronorio
722 3009 857 3062 noetore
878 3007 912 3062 et
932 3017 1063 3082 semper
1082 2996 1133 3060 itu
1152 2994 1347 3060 scribemus.

398 3133 481 3223 (inp.
505 3127 655 3198 XXXV.
681 3129 814 3214 consol]
838 3127 922 3193 Coti.
940 3154 975 3216 p.
1001 3129 1129 3212 ecresul,
1152 3153 1213 3218 pro
1236 3153 1303 3218 quo
1324 3131 1369 3196 P.
1391 3129 1544 3198 licinius
1566 3133 1684 3200 consul
1699 3135 1927 3224 reponendum

310 3241 455 3310 videtur.
478 3273 520 3288 ·-
546 3234 668 3300 omisso
688 3227 923 3323 ndpcllotione]
948 3231 1032 3296 Coti.
1052 3237 1241 3323 praemisso
1263 3235 1499 3326 appellatione,
1523 3237 1613 3326 quod
1632 3237 1666 3303 in
1689 3239 1815 3305 minore
1839 3239 1928 3310 Livii

312 3343 457 3412 editione
479 3340 615 3422 rectius,
639 3338 778 3427 opinor,
802 3335 836 3402 in
859 3338 996 3404 remissa
1020 3339 1241 3426 appellatione
1262 3341 1396 3408 mutari.
1424 3339 1496 3405 Lis.
1518 3337 1686 3423 xxxw,
1710 3337 1743 3406 8.
1767 3367 1828 3411 nec
1849 3355 1929 3413 onte

312 3453 526 3526 obstiterunt,
550 3465 652 3539 quoni
666 3446 806 3508 remissa
826 3443 1018 3505 intercessio
1042 3439 1085 3508 at
1108 3445 1251 3512 trilrrcnis
1265 3456 1363 3528 esset,
1379 3440 1584 3528 XXXVlll,
1601 3443 1654 3512 51.
1674 3444 1927 3513 ilenrittentilrus

313 3576 392 3641 erpo
416 3551 468 3614 ltis
491 3547 774 3627 intercessionem,
791 3565 902 3609 omnes
927 3546 1046 3628 tribus,
1062 3549 1114 3611 nti
1127 3560 1315 3637 ropassent,
1330 3552 1511 3632 iusserunt,
1535 3559 1568 3613 ct
1583 3547 1755 3632 XXXIX,
1774 3551 1804 3612 o.
1823 3549 1927 3617 literis

310 3659 366 3726 Μ.
389 3653 516 3724 Aburii
537 3649 787 3740 tribuniplebis
809 3651 955 3738 acceptis
976 3649 1017 3716 cle
1039 3653 1176 3717 remissa
1200 3653 1446 3732 intercessione.

398 3791 482 3880 Cep.
494 3785 664 3854 xxxvl.
682 3786 764 3850 intre
787 3783 996 3850 undecimum
1019 3784 1120 3872 illem]
1144 3785 1228 3852 cod.
1252 3797 1284 3852 et
1304 3789 1397 3852 traxi
1408 3785 1507 3867 disin,
1526 3785 1566 3850 tle
1585 3806 1651 3878 quo
1666 3781 1794 3850 lilrrnrii
1816 3808 1927 3854 errore

312 3881 353 3966 ex
383 3897 472 3964 notis
501 3889 724 3958 ntnoerolibus
756 3901 826 3954 orto
856 3887 923 3954 viti.
955 3891 1129 3955 Aunonn.
1158 3891 1198 3955 ml
1229 3890 1378 3956 Sallustii
1410 3891 1501 3958 llist.
1525 3890 1602 3956 Lib.
1635 3889 1697 3956 111.
1730 3889 1928 3978 Fragment·

311 4025 346 4094 p.
371 3999 426 4068 89.
449 4009 481 4064 et
506 3996 547 4062 nd
569 3993 644 4062 Lis.
668 3991 831 4076 XXXll,
859 3993 908 4056 16.
932 4017 967 4082 p.
994 3989 1066 4058 169.
1096 3993 1217 4082 quihus
1247 3992 1331 4058 nrltle
1352 4015 1435 4084 quoe
1460 3991 1500 4058 etl
1521 3991 1651 4076 XLll',
1684 3991 1735 4057 16.
1758 3999 1924 4066 ennotnri.

396 4137 480 4222 Cep.
507 4129 694 4198 XXXVll.
725 4152 843 4217 quom,
875 4127 905 4194 si
933 4128 1076 4218 aliquem
1103 4141 1288 4218 respectum
1318 4128 1481 4196 nmicitiee
1510 4150 1585 4192 eum
1616 4125 1736 4194 lrnlrere
1764 4137 1927 4227 cerneret]

310 4238 625 4319 Weissenbornins,
645 4259 747 4326 quum
769 4246 850 4324 post
868 4231 1079 4300 Perizonium
1101 4233 1142 4298 ed
1165 4257 1345 4324 pronomen
1365 4257 1458 4312 eum,
1482 4255 1542 4322 pro
1566 4255 1633 4322 quo
1656 4255 1730 4300 cunr
1756 4235 1789 4302 in
1812 4240 1927 4315 codiee

310 4347 445 4436 legitur,
468 4354 556 4408 reete
578 4339 785 4421 offendisset,
806 4337 915 4402 Leett.
939 4335 1014 4403 [ἰν.
1037 4337 1129 4404 Part.
1150 4335 1196 4403 ll.
1218 4359 1253 4424 p.
1281 4337 1329 4400 13.
1355 4335 1506 4426 „ltoqne
1535 4337 1616 4402 tlnns
1639 4338 1773 4428 literne,
1804 4343 1925 4436 inquit,

312 4476 398 4548 quse
420 4449 507 4515 litori
529 4470 603 4513 roro
625 4446 792 4513 turbarum
814 4467 911 4512 eiust
936 4445 1081 4528 inerunt,
1095 4441 1315 4522 intercidisse,
1333 4435 1530 4529 Liviumqne
1550 4440 1729 4530 scripsisse
1751 4446 1924 4518 existimor

312 4557 481 4624 amicitiae
509 4573 584 4616 crim
608 4573 643 4638 p.
671 4551 715 4616 tt.
743 4549 779 4614 id
808 4557 859 4614 est
885 4547 1008 4638 populo
1034 4547 1228 4615 Romano.“
1269 4539 1323 4608 lle
1351 4539 1471 4609 ceteris
1494 4563 1560 4608 non
1580 4544 1644 4625 esi,
1668 4548 1759 4634 quod
1781 4546 1925 4619 dnlrites.

311 4659 487 4728 nituntur
508 4653 597 4720 enirn
617 4665 651 4720 et
669 4652 762 4734 attst,
784 4663 821 4718 nt
842 4653 927 4718 intro
949 4673 1023 4738 erp.
1046 4649 1101 4714 62.
1124 4645 1181 4712 nbi
1204 4647 1378 4734 inponeret
1406 4665 1468 4733 pro
1488 4646 1660 4732 imponere
1688 4661 1722 4716 et
1752 4663 1840 4720 esset
1865 4643 1925 4744 pro

314 4787 387 4832 esse
407 4763 441 4828 in
465 4755 581 4826 codiee
607 4753 749 4844 legitur,
772 4752 943 4818 infinitivis
973 4753 1147 4818 rerlsorunr
1176 4747 1368 4837 imperfecte
1393 4746 1483 4814 motli
1511 4749 1713 4848 coniunctivi
1741 4745 1923 4824 substituit.
