4770 5994
488 700 535 776 46

488 867 536 932 atr·
560 867 761 954 superatiosi
784 865 887 952 teperti
914 865 1070 928 uenirent
1099 863 1262 951 speculati
1290 865 1379 928 dictu
1406 863 1566 956 [actuque
1590 887 1664 926 sun.
1711 859 1901 954 Librarius,
1924 885 2020 949 quern
2048 885 2106 925 sna

486 976 634 1061 peratiae
658 969 833 1054 scripsisse
857 967 1048 1056 iiopitarina
1072 967 1105 1031 in
1129 967 1255 1032 codicis
1285 964 1460 1030 collatione
1498 964 1581 1028 falso
1597 964 1818 1052 perhibuerat,
1842 967 1882 1027 nd
1902 965 2103 1050 praecedens
2135 1010 2141 1021 -

488 1078 591 1168 teperti
611 1075 795 1162 respiciens
826 1071 990 1158 speculati
1011 1069 1123 1159 posuit
1145 1093 1206 1158 pro
1228 1069 1454 1158 speculatum,
1484 1069 1594 1154 qnod,
1618 1093 1720 1156 quum
1742 1070 1804 1132 ianr
1828 1069 2009 1157 Rupertins
2033 1091 2105 1158 spe·

486 1181 634 1246 cudatur-i
652 1178 796 1242 seribere
811 1173 993 1257 maluisset,
1009 1185 1095 1237 certa
1116 1169 1343 1238 emendatione
1359 1171 1492 1256 vulgato
1508 1171 1676 1235 substitui.
1694 1173 1767 1238 BC.
1786 1175 1829 1237 Β.
1862 1173 1936 1237 Liv.
1954 1173 2031 1256 XL,
2046 1173 2101 1236 25.

491 1282 555 1350 Ubi
572 1287 717 1370 primum
741 1283 775 1345 in
797 1278 940 1344 bostium
957 1276 1081 1364 finibus
1104 1286 1216 1341 castro
1237 1279 1364 1362 posuit,
1387 1276 1489 1365 lepati
1513 1277 1559 1341 ad
1581 1301 1668 1356 eum,
1688 1302 1751 1364 per
1770 1281 1910 1364 speciem
1930 1279 2025 1365 pacis
2046 1301 2105 1363 pe·

487 1389 625 1469 tendne,
649 1381 858 1472 speculatum
879 1391 1055 1448 venerunt.
1100 1380 1287 1446 infinitivus
1309 1380 1396 1446 enirn
1426 1378 1524 1444 verbo
1546 1384 1659 1446 veraire
1683 1382 1883 1448 Graecorum
1903 1407 1993 1447 ruore
2016 1381 2101 1446 adie-

486 1503 560 1560 ctus
591 1490 624 1552 in
655 1487 790 1552 biviana
819 1485 966 1550 oratione
997 1485 1074 1548 ferri
1103 1508 1170 1548 non
1200 1497 1321 1572 potest.
1370 1478 1449 1544 vid.
1480 1480 1706 1549 Ruddisuanui
1739 1485 1822 1553 last.
1852 1485 1997 1550 Graurrn.
2026 1483 2104 1549 Lat.

486 1593 578 1658 Part.
599 1591 643 1655 ΙΙ.
667 1615 702 1678 p.
725 1588 799 1652 230.
825 1600 858 1652 et
879 1587 958 1652 Cbr.
978 1587 1061 1654 Dar.
1085 1587 1156 1652 lani
1175 1591 1249 1652 Art.
1274 1597 1363 1674 poet.
1380 1584 1454 1650 Lat.
1483 1609 1516 1674 p.
1539 1581 1616 1652 ⁸154.
1641 1613 1693 1677 sq.
1718 1625 1759 1638 -
1782 1589 1820 1654 Si
1840 1612 1960 1654 norum
1984 1587 2106 1652 foedus

487 1677 597 1760 sebum
621 1695 726 1757 facere
748 1691 883 1774 veilent]
907 1691 991 1756 Cod.
1017 1717 1103 1757 nouo
1122 1691 1241 1777 foedus
1259 1697 1319 1774 sei,
1343 1715 1427 1757 corr.
1444 1695 1486 1776 si,
1502 1717 1613 1758 secum
1628 1696 1743 1783 secere
1760 1695 1896 1761 uellent.
1921 1695 2104 1782 Propterea

486 1800 657 1864 verborum
679 1797 796 1862 ordine
820 1811 942 1862 mutato
967 1797 1076 1860 edidi:
1100 1801 1233 1864 Nouum
1256 1799 1376 1887 foedus
1390 1801 1421 1862 si
1435 1821 1545 1864 secum
1563 1803 1678 1888 locere
1692 1801 1825 1876 vetlem,
1851 1811 1885 1864 ut
1907 1823 1987 1864 suus
2004 1795 2112 1890 parti,

487 1903 579 1968 cuiae
600 1907 629 1967 si
652 1903 744 1966 locus
769 1901 1004 1988 assignaretur.
1030 1902 1100 1967 BC.
1125 1905 1166 1966 B.

572 2041 655 2126 Cap.
685 2036 818 2102 XXVI.
845 2049 878 2101 et
907 2060 1007 2122 super
1031 2061 1095 2124 qua
1115 2061 1150 2100 rc
1172 2037 1350 2120 venissent]
1375 2039 1458 2104 Cod.
1481 2053 1513 2106 et
1540 2065 1642 2126 snper
1662 2043 1703 2106 de
1726 2065 1761 2106 re
1784 2045 1935 2122 stersisse,
1959 2063 2026 2104 uon
2047 2064 2103 2104 ue·

485 2151 599 2226 rrbset,
613 2142 702 2232 quod
718 2141 911 2228 liopitarius
935 2142 967 2204 in
982 2141 1105 2206 codicis
1123 2141 1298 2207 collatione
1314 2156 1479 2228 posuerat.
1504 2179 1544 2196 -··
1568 2157 1718 2210 exustum
1745 2169 1853 2231 arege
1869 2145 1995 2231 aprum]
2016 2142 2100 2206 Cod..

487 2261 641 2316 exustum
655 2271 675 2310 a
692 2271 742 2326 re,
760 2243 876 2308 ceteris
893 2243 1034 2307 omissis.
1061 2242 1210 2306 Mauram
1227 2245 1351 2310 codicis
1365 2249 1560 2334 scripturam
1578 2248 1747 2334 Grpnaeus
1765 2248 1888 2334 optimc
1902 2246 2106 2331 redintegra·

487 2357 546 2422 rit.
580 2355 653 2418 Lir.
669 2351 788 2432 ΧΧΙΙ,
808 2350 857 2414 ts.
874 2350 1146 2438 exorcismoque
1161 2355 1411 2418 amoenissimus
1427 2355 1551 2418 Italiae
1565 2378 1657 2444 uper.
1673 2391 1713 2402 -
1728 2353 1829 2437 iegati
1847 2351 2029 2431 redierunt,
2045 2347 2105 2436 qui

486 2457 736 2540 renuncinrnnt]
767 2455 849 2518 Cod.
875 2456 1046 2520 redierunt
1069 2455 1170 2542 depuli
1187 2457 1245 2542 qui
1266 2456 1450 2520 redierunt.
1496 2454 1631 2520 Codicis
1651 2455 1837 2520 auctoritati
1860 2457 1903 2520 ita
1923 2457 2102 2522 obsecutus

488 2593 573 2644 sarm,
596 2578 633 2630 ut
655 2565 828 2628 redierunt
850 2563 954 2650 leputi
975 2584 1035 2647 pro
1058 2561 1189 2645 vrripato
1214 2583 1416 2648 reponerem.
1442 2559 1514 2624 BC.
1539 2563 1583 2626 B.
1629 2559 1681 2624 De
1704 2561 1803 2624 verbo
1825 2562 1999 2626 redierunt
2018 2558 2103 2624 maie

487 2671 627 2760 repetito
651 2682 683 2732 et
706 2691 764 2754 pro
788 2668 1024 2732 renuntiarunt
1055 2664 1164 2750 posito
1190 2665 1256 2730 vid.
1280 2671 1454 2732 Annotatt.
1480 2667 1520 2730 ad
1543 2667 1694 2731 Saliustii
1722 2667 1808 2732 ttisr.
1834 2666 1910 2730 Lib.
1940 2667 2001 2730 ΙΙΙ.
2028 2667 2101 2731 Fra·

487 2783 618 2862 grnenta
640 2791 673 2854 p.
699 2765 752 2828 69.
777 2803 818 2814 -
840 2763 972 2849 egregie
997 2765 1028 2827 in
1054 2765 1116 2830 tide
1132 2775 1335 2854 permanere]
1359 2769 1441 2834 Cod.
1467 2773 1663 2862 eproecioe
1682 2770 1748 2857 fide
1763 2795 1972 2858 permonere.
2020 2771 2105 2834 Ver-

488 2879 563 2941 bnnr
585 2895 783 2962 permonere
806 2867 999 2956 Kopitarius
1024 2867 1055 2930 in
1080 2871 1205 2934 codicis
1229 2873 1404 2938 collatione
1426 2876 1590 2940 omiserat.

573 3009 655 3094 Cap.
678 3003 828 3072 xxvlt.
857 3025 875 3066 a
899 3001 1014 3082 sociis]
1040 3003 1123 3068 Cod.
1149 3009 1326 3090 arseciis,
1359 3009 1448 3095 qnod
1470 3009 1502 3072 in
1525 3008 1626 3074 alters
1650 3008 1736 3072 Lirii
1761 3009 1906 3073 editione
1928 3011 1961 3073 in
1988 3013 2029 3077 ab
2051 3037 2111 3078 so-

488 3119 547 3182 ciis
571 3111 702 3178 mutari.
727 3147 765 3158 -
788 3109 846 3194 qni
878 3105 1056 3206 cpereitnm
1085 3120 1234 3195 paratum
1258 3111 1298 3174 ad
1332 3111 1559 3176 traiiciendum
1589 3111 1738 3196 baberet]
1764 3113 1846 3176 Cod.
1870 3117 1930 3207 qui
1951 3127 1988 3181 ut
2010 3142 2104 3182 ener-

488 3222 587 3284 eitum
608 3223 764 3300 pestutum
790 3211 834 3272 nd
856 3209 1076 3274 traiciendum
1098 3208 1248 3274 liaberet.
1281 3211 1462 3298 Vulgarum
1484 3199 1773 3279 Drakenborcbius
1798 3218 1917 3282 frustra
1942 3220 2102 3286 defendit.

489 3322 659 3407 Gryuacus
681 3315 769 3379 enim
788 3336 853 3376 uon
877 3323 925 3392 ut,
950 3312 1007 3376 scd
1031 3315 1090 3405 qui
1111 3337 1152 3376 err
1175 3315 1449 3400 praecedentibus
1464 3339 1481 3380 a
1495 3317 1629 3382 librario
1647 3319 1822 3405 repetitum
1842 3321 1993 3388 omittere
2009 3323 2106 3392 debe·

488 3425 555 3489 bat.
577 3421 650 3488 BC.
696 3419 864 3482 Bcbberus
892 3415 1092 3480 Gronovium
1123 3430 1257 3482 secutus
1281 3443 1345 3512 prro
1369 3418 1484 3484 edidit.

572 3557 654 3644 Cap.
677 3552 845 3618 xxvltt.
871 3575 970 3636 qunrn
1000 3561 1125 3614 tautum
1156 3552 1281 3618 beilum
1303 3553 1496 3636 inmineret,
1518 3557 1643 3621 iussum
1667 3553 1750 3645 erat]
1772 3559 1854 3622 Cod.
1879 3585 1953 3625 eron
1977 3574 2108 3630 tuntum

489 3664 610 3731 tettan
639 3663 831 3748 'isanrineret
860 3657 1029 3742 repulsum
1057 3669 1139 3723 erat.
1193 3657 1375 3744 Volpatum
1406 3663 1530 3724 iussum
1561 3671 1636 3724 erat
1660 3659 1701 3724 ad
1731 3685 1911 3748 pronomen
1943 3669 1998 3730 cni
2023 3669 2108 3732 rese·

488 3769 647 3849 rendum,
680 3765 720 3828 de
749 3763 844 3827 cuins
875 3759 1062 3844 integritate
1093 3759 1288 3826 Wnitberus
1319 3763 1360 3826 ud
1387 3761 1495 3828 Tacit.
1523 3762 1646 3827 Annal.
1670 3763 1809 3846 1v‚72.
1841 3789 1908 3832 non
1929 3767 2106 3856 dubitarit,

489 3875 660 3961 Grpnaeus
684 3867 781 3932 Lirio
805 3887 975 3953 perperam
995 3863 1149 3930 obtrusit.
1196 3867 1376 3954 Propterea
1397 3866 1460 3931 iana
1485 3865 1671 3932 Crevierius
1700 3869 1826 3934 iussaene
1848 3881 1926 3936 erot
1947 3871 1979 3936 in
1998 3879 2106 3942 ninam

489 3987 564 4044 erut
586 3966 775 4036 rnutandnm
799 3987 886 4044 csse,
915 3962 1084 4032 verissime
1110 3964 1263 4033 coniecit.
1310 3968 1568 4056 Oudendorpius
1592 3981 1707 4056 postea
1732 3973 1773 4036 ad
1796 3973 1932 4042 Sueton.
1962 3975 2104 4066 Vespas.

490 4105 561 4168 cap.
584 4075 637 4138 23.
663 4073 742 4136 baec
763 4067 948 4133 annotarit:
974 4068 1041 4150 „in
1064 4069 1287 4134 vetustissimo
1311 4083 1343 4134 et
1366 4071 1463 4135 unico
1486 4072 1561 4136 cod.
1586 4073 1837 4142 vindobonensi
1868 4093 2034 4150 exaratum
2056 4099 2107 4152 est

489 4182 600 4251 ercan·
618 4178 807 4264 prrlsuerot.
854 4171 943 4237 Hinc
967 4171 1042 4258 lego
1067 4177 1178 4238 crena-i
1197 4175 1388 4260 placuerat,
1412 4177 1463 4242 rei
1489 4178 1740 4266 periibuerat.“
1786 4181 1856 4248 Nos
1879 4159 2004 4256 codicia
2028 4193 2107 4258 scri·

489 4298 616 4376 pteram
641 4279 681 4344 ab
705 4273 944 4364 Oudendorpio
967 4274 1134 4340 nescimus
1158 4299 1225 4362 quo
1253 4290 1385 4344 anctore
1414 4293 1601 4370 corruptam
1634 4284 1739 4348 secuti
1764 4287 1976 4374 scripsimns=
2004 4321 2112 4390 quana

491 4400 620 4456 tantuna
650 4382 770 4447 beilum
802 4382 986 4444 immineret
1005 4381 1058 4442 rei
1075 4377 1380 4466 prrbiiene,xuisuru
1402 4396 1495 4466 erut,
1526 4386 1615 4474 qnod
1647 4387 2032 4478 {dampnum-Crusinie
2062 4400 2107 4466 ita

490 4489 635 4578 recepit,
660 4498 695 4551 ut
719 4485 874 4550 uocabula
897 4482 1123 4570 reipublicae
1144 4507 1314 4572 perperam
1337 4485 1512 4552 omitteret.
1560 4487 1697 4553 Rectius
1721 4501 1828 4559 tamen
1851 4511 1966 4584 postea
1985 4501 2108 4568 Bekbe.

489 4617 560 4676 rus,
582 4591 660 4656 iicet
674 4587 781 4653 codici
798 4589 968 4651 imminere
991 4586 1073 4652 falso
1091 4586 1255 4670 tribuerit,
1276 4587 1363 4655 bunc
1386 4587 1493 4654 iocum
1519 4591 1562 4654 ita
1585 4593 1769 4679 coustituit,
1794 4611 1829 4664 nt
1851 4600 1981 4664 ederet:
2006 4627 2109 4698 quum

492 4705 622 4766 tontum
645 4694 767 4761 deibus
790 4695 1037 4773 immineret,e
1059 4691 1255 4778 republica
1277 4695 1384 4759 uisum
1408 4707 1489 4762 eras.
1533 4695 1590 4762 Sic
1613 4721 1713 4786 supra
1736 4725 1807 4789 cap.
1826 4701 1880 4767 2⁶.
1903 4710 2011 4796 sarapis
2032 4734 2049 4775 e
2072 4735 2109 4777 re

489 4802 625 4892 publica
647 4799 754 4862 uisum
778 4805 866 4875 erat,
889 4803 922 4856 et
941 4791 1024 4856 inira
1046 4815 1120 4880 cap.
1142 4793 1195 4858 47.
1220 4795 1272 4861 uti
1291 4817 1310 4860 e
1331 4819 1370 4862 re
1385 4796 1524 4883 publica
1545 4804 1691 4868 maxime
1712 4807 1818 4869 visum
1841 4819 1936 4874 essct.
1963 4849 2002 4862 -
2025 4813 2113 4882 dm
