<?xml version="1.0" encoding="UTF-8"?>
<!DOCTYPE html PUBLIC "-//W3C//DTD XHTML 1.0 Transitional//EN"
    "http://www.w3.org/TR/xhtml1/DTD/xhtml1-transitional.dtd">
<html xmlns="http://www.w3.org/1999/xhtml" xml:lang="en" lang="en">
 <head>
  <title>
</title>
<meta http-equiv="Content-Type" content="text/html;charset=utf-8" />
  <meta name='ocr-system' content='tesseract 3.04.00' />
  <meta name='ocr-capabilities' content='ocr_page ocr_carea ocr_par ocr_line ocrx_word'/>
</head>
<body>
  <div class='ocr_page' id='page_1' title='image "./annotationesadt00kreygoog_0027.png"; bbox 0 0 4770 5994; ppageno 0'>
   <div class='ocr_carea' id='block_1_1' title="bbox 494 641 565 714">
    <p class='ocr_par' dir='ltr' id='par_1_1' title="bbox 494 641 565 714">
     <span class='ocr_line' id='line_1_1' title="bbox 494 641 565 714; baseline -0.014 0"><span class='ocrx_word' id='word_1_1' title='bbox 494 641 565 714; x_wconf 59' lang='lat'>22¹</span> 
     </span>
    </p>
   </div>
   <div class='ocr_carea' id='block_1_2' title="bbox 495 785 2112 1285">
    <p class='ocr_par' dir='ltr' id='par_1_2' title="bbox 495 785 2112 1285">
     <span class='ocr_line' id='line_1_2' title="bbox 495 785 2112 885; baseline -0.012 -18"><span class='ocrx_word' id='word_1_2' title='bbox 495 821 581 880; x_wconf 82' lang='lat' dir='ltr'>rom,</span> <span class='ocrx_word' id='word_1_3' title='bbox 604 817 743 885; x_wconf 88' lang='lat' dir='ltr'>quornm</span> <span class='ocrx_word' id='word_1_4' title='bbox 766 790 822 858; x_wconf 90' lang='lat' dir='ltr'>ille</span> <span class='ocrx_word' id='word_1_5' title='bbox 843 797 969 876; x_wconf 86' lang='lat' dir='ltr'>aperte,</span> <span class='ocrx_word' id='word_1_6' title='bbox 992 786 1046 854; x_wconf 86' lang='lat' dir='ltr'>bic</span> <span class='ocrx_word' id='word_1_7' title='bbox 1072 787 1170 854; x_wconf 91' lang='lat' dir='ltr'>tacite</span> <span class='ocrx_word' id='word_1_8' title='bbox 1189 785 1269 852; x_wconf 88' lang='lat' dir='ltr'>mibi</span> <span class='ocrx_word' id='word_1_9' title='bbox 1291 785 1469 854; x_wconf 70' lang='lat' dir='ltr'><strong>obsecutus</strong></span> <span class='ocrx_word' id='word_1_10' title='bbox 1491 801 1555 872; x_wconf 86' lang='lat' dir='ltr'>cst,</span> <span class='ocrx_word' id='word_1_11' title='bbox 1580 799 1694 876; x_wconf 84' lang='lat' dir='ltr'>postea</span> <span class='ocrx_word' id='word_1_12' title='bbox 1723 789 1982 858; x_wconf 71' lang='lat' dir='ltr'>concutientem</span> <span class='ocrx_word' id='word_1_13' title='bbox 2010 792 2112 860; x_wconf 70' lang='lat' dir='ltr'>hotot</span> 
     </span>
     <span class='ocr_line' id='line_1_3' title="bbox 496 888 2111 987; baseline -0.027 10"><span class='ocrx_word' id='word_1_14' title='bbox 496 892 968 987; x_wconf 62' lang='lat' dir='ltr'>M&#39;‘llldllfflt‘1¹¹ll¹¹⁰l’i&#39;·</span> <span class='ocrx_word' id='word_1_15' title='bbox 992 891 1100 963; x_wconf 59' lang='grc' dir='ltr'>ΑΜ·</span> <span class='ocrx_word' id='word_1_16' title='bbox 1126 892 1217 956; x_wconf 58' lang='lat' dir='ltr'>Pul·</span> <span class='ocrx_word' id='word_1_17' title='bbox 1251 890 1280 954; x_wconf 82' lang='lat' dir='ltr'>l·</span> <span class='ocrx_word' id='word_1_18' title='bbox 1303 914 1337 978; x_wconf 85' lang='lat' dir='ltr'>p.</span> <span class='ocrx_word' id='word_1_19' title='bbox 1367 888 1444 955; x_wconf 73' lang='grc'><strong>465.</strong></span> <span class='ocrx_word' id='word_1_20' title='bbox 1468 913 1558 958; x_wconf 74' lang='lat' dir='ltr'>mem</span> <span class='ocrx_word' id='word_1_21' title='bbox 1586 892 1890 960; x_wconf 59' lang='lat' dir='ltr'>sententiosum</span> <span class='ocrx_word' id='word_1_22' title='bbox 1919 893 2111 982; x_wconf 69' lang='lat' dir='ltr'>adscripsit,</span> 
     </span>
     <span class='ocr_line' id='line_1_4' title="bbox 499 992 2111 1090; baseline -0.015 -19"><span class='ocrx_word' id='word_1_23' title='bbox 499 1004 662 1090; x_wconf 82' lang='lat' dir='ltr'>simulque</span> <span class='ocrx_word' id='word_1_24' title='bbox 684 1017 870 1087; x_wconf 88' lang='lat' dir='ltr'>pronomen</span> <span class='ocrx_word' id='word_1_25' title='bbox 893 994 1107 1086; x_wconf 84' lang='lat' dir='ltr'>uliquispiunr</span> <span class='ocrx_word' id='word_1_26' title='bbox 1136 992 1207 1058; x_wconf 84' lang='lat' dir='ltr'>Cic.</span> <span class='ocrx_word' id='word_1_27' title='bbox 1236 1014 1298 1079; x_wconf 88' lang='lat' dir='ltr'>pro</span> <span class='ocrx_word' id='word_1_28' title='bbox 1328 992 1416 1058; x_wconf 90' lang='lat' dir='ltr'>Sest.</span> <span class='ocrx_word' id='word_1_29' title='bbox 1445 1016 1519 1079; x_wconf 84' lang='lat' dir='ltr'>cap.</span> <span class='ocrx_word' id='word_1_30' title='bbox 1550 993 1604 1058; x_wconf 86' lang='grc'>29.</span> <span class='ocrx_word' id='word_1_31' title='bbox 1629 992 1733 1060; x_wconf 84' lang='lat' dir='ltr'>Ture.</span> <span class='ocrx_word' id='word_1_32' title='bbox 1762 993 1860 1084; x_wconf 79' lang='lat' dir='ltr'>Disp.</span> <span class='ocrx_word' id='word_1_33' title='bbox 1893 997 1957 1080; x_wconf 78' lang='lat'>111,</span> <span class='ocrx_word' id='word_1_34' title='bbox 1987 997 2019 1061; x_wconf 84' lang='grc'>9,</span> <span class='ocrx_word' id='word_1_35' title='bbox 2053 998 2111 1064; x_wconf 68' lang='lat' dir='ltr'>ubi</span> 
     </span>
     <span class='ocr_line' id='line_1_5' title="bbox 496 1096 2111 1190; baseline -0.004 -18"><span class='ocrx_word' id='word_1_36' title='bbox 496 1106 649 1172; x_wconf 80' lang='lat' dir='ltr'>lilotaius</span> <span class='ocrx_word' id='word_1_37' title='bbox 672 1123 807 1190; x_wconf 88' lang='lat' dir='ltr'>quoque</span> <span class='ocrx_word' id='word_1_38' title='bbox 832 1097 993 1162; x_wconf 83' lang='lat' dir='ltr'>Gronovii</span> <span class='ocrx_word' id='word_1_39' title='bbox 1014 1096 1222 1162; x_wconf 82' lang='lat' dir='ltr'>coniecturae</span> <span class='ocrx_word' id='word_1_40' title='bbox 1247 1096 1474 1181; x_wconf 82' lang='lat' dir='ltr'>aliquodpiunr</span> <span class='ocrx_word' id='word_1_41' title='bbox 1505 1120 1571 1160; x_wconf 90' lang='lat' dir='ltr'>uon</span> <span class='ocrx_word' id='word_1_42' title='bbox 1603 1096 1687 1162; x_wconf 88' lang='lat' dir='ltr'>nibil</span> <span class='ocrx_word' id='word_1_43' title='bbox 1719 1099 1875 1168; x_wconf 72' lang='lat' dir='ltr'>tribuisse</span> <span class='ocrx_word' id='word_1_44' title='bbox 1903 1103 2043 1186; x_wconf 81' lang='lat' dir='ltr'>videtur,</span> <span class='ocrx_word' id='word_1_45' title='bbox 2077 1114 2111 1176; x_wconf 81' lang='lat' dir='ltr'>et</span> 
     </span>
     <span class='ocr_line' id='line_1_6' title="bbox 495 1195 1383 1285; baseline -0.019 -10"><span class='ocrx_word' id='word_1_46' title='bbox 495 1209 539 1274; x_wconf 91' lang='lat' dir='ltr'>de</span> <span class='ocrx_word' id='word_1_47' title='bbox 560 1207 674 1272; x_wconf 82' lang='lat' dir='ltr'>Diuin.</span> <span class='ocrx_word' id='word_1_48' title='bbox 697 1205 745 1285; x_wconf 90' lang='lat' dir='ltr'>ll,</span> <span class='ocrx_word' id='word_1_49' title='bbox 768 1199 821 1266; x_wconf 86' lang='lat'>50.</span> <span class='ocrx_word' id='word_1_50' title='bbox 846 1223 913 1264; x_wconf 92' lang='lat' dir='ltr'>nou</span> <span class='ocrx_word' id='word_1_51' title='bbox 936 1195 1142 1262; x_wconf 78' lang='lat' dir='ltr'>inferendum</span> <span class='ocrx_word' id='word_1_52' title='bbox 1165 1217 1238 1262; x_wconf 86' lang='lat' dir='ltr'>esse</span> <span class='ocrx_word' id='word_1_53' title='bbox 1262 1195 1383 1264; x_wconf 87' lang='lat' dir='ltr'>docuit.</span> 
     </span>
    </p>
   </div>
   <div class='ocr_carea' id='block_1_3' title="bbox 498 1347 2197 2266">
    <p class='ocr_par' dir='ltr' id='par_1_3' title="bbox 498 1347 2197 2266">
     <span class='ocr_line' id='line_1_7' title="bbox 584 1347 2110 1446; baseline 0.001 -25"><span class='ocrx_word' id='word_1_54' title='bbox 584 1357 665 1445; x_wconf 83' lang='lat' dir='ltr'>Cup.</span> <span class='ocrx_word' id='word_1_55' title='bbox 688 1351 768 1418; x_wconf 88' lang='lat' dir='ltr'>vlt.</span> <span class='ocrx_word' id='word_1_56' title='bbox 795 1353 834 1416; x_wconf 90' lang='lat' dir='ltr'>de</span> <span class='ocrx_word' id='word_1_57' title='bbox 858 1351 922 1429; x_wconf 89' lang='lat' dir='ltr'>bis,</span> <span class='ocrx_word' id='word_1_58' title='bbox 946 1371 1029 1438; x_wconf 87' lang='lat' dir='ltr'>quae</span> <span class='ocrx_word' id='word_1_59' title='bbox 1054 1348 1087 1412; x_wconf 89' lang='lat' dir='ltr'>in</span> <span class='ocrx_word' id='word_1_60' title='bbox 1110 1347 1207 1411; x_wconf 84' lang='lat' dir='ltr'>istrie</span> <span class='ocrx_word' id='word_1_61' title='bbox 1229 1361 1340 1414; x_wconf 82' lang='lat' dir='ltr'>esseut</span> <span class='ocrx_word' id='word_1_62' title='bbox 1362 1352 1448 1435; x_wconf 85' lang='lat' dir='ltr'>acta]</span> <span class='ocrx_word' id='word_1_63' title='bbox 1476 1352 1514 1415; x_wconf 90' lang='lat' dir='ltr'>ln</span> <span class='ocrx_word' id='word_1_64' title='bbox 1547 1351 1672 1416; x_wconf 87' lang='lat' dir='ltr'>minore</span> <span class='ocrx_word' id='word_1_65' title='bbox 1704 1347 1790 1414; x_wconf 81' lang='lat' dir='ltr'>Livii</span> <span class='ocrx_word' id='word_1_66' title='bbox 1820 1350 1963 1418; x_wconf 77' lang='lat' dir='ltr'>editione</span> <span class='ocrx_word' id='word_1_67' title='bbox 1990 1355 2110 1446; x_wconf 84' lang='lat' dir='ltr'>scripsi</span> 
     </span>
     <span class='ocr_line' id='line_1_8' title="bbox 498 1449 2109 1544; baseline -0.002 -19"><span class='ocrx_word' id='word_1_68' title='bbox 498 1449 541 1526; x_wconf 79' lang='lat' dir='ltr'>de</span> <span class='ocrx_word' id='word_1_69' title='bbox 564 1461 618 1539; x_wconf 91' lang='lat' dir='ltr'>iis,</span> <span class='ocrx_word' id='word_1_70' title='bbox 643 1455 733 1544; x_wconf 90' lang='lat' dir='ltr'>quod</span> <span class='ocrx_word' id='word_1_71' title='bbox 753 1452 841 1517; x_wconf 89' lang='lat' dir='ltr'>baud</span> <span class='ocrx_word' id='word_1_72' title='bbox 865 1451 963 1518; x_wconf 91' lang='lat' dir='ltr'>diabie</span> <span class='ocrx_word' id='word_1_73' title='bbox 986 1463 1129 1539; x_wconf 87' lang='lat' dir='ltr'>praestat</span> <span class='ocrx_word' id='word_1_74' title='bbox 1151 1449 1297 1536; x_wconf 83' lang='lat' dir='ltr'>vulgato.</span> <span class='ocrx_word' id='word_1_75' title='bbox 1327 1487 1367 1498; x_wconf 92' lang='lat'>—</span> <span class='ocrx_word' id='word_1_76' title='bbox 1397 1451 1590 1538; x_wconf 86' lang='lat' dir='ltr'>quandoid</span> <span class='ocrx_word' id='word_1_77' title='bbox 1618 1451 1743 1518; x_wconf 87' lang='lat' dir='ltr'>bellum</span> <span class='ocrx_word' id='word_1_78' title='bbox 1768 1453 1911 1539; x_wconf 84' lang='lat' dir='ltr'>populus</span> <span class='ocrx_word' id='word_1_79' title='bbox 1944 1454 2109 1523; x_wconf 84' lang='lat' dir='ltr'>Rornauus</span> 
     </span>
     <span class='ocr_line' id='line_1_9' title="bbox 499 1549 2109 1647; baseline -0.005 -17"><span class='ocrx_word' id='word_1_80' title='bbox 499 1563 667 1647; x_wconf 84' lang='lat' dir='ltr'>iussisset]</span> <span class='ocrx_word' id='word_1_81' title='bbox 692 1559 802 1626; x_wconf 86' lang='lat' dir='ltr'>Verbo</span> <span class='ocrx_word' id='word_1_82' title='bbox 824 1561 860 1624; x_wconf 87' lang='lat' dir='ltr'>id</span> <span class='ocrx_word' id='word_1_83' title='bbox 879 1560 1002 1626; x_wconf 83' lang='lat' dir='ltr'>beilum</span> <span class='ocrx_word' id='word_1_84' title='bbox 1023 1581 1082 1645; x_wconf 87' lang='lat' dir='ltr'>per</span> <span class='ocrx_word' id='word_1_85' title='bbox 1104 1579 1246 1622; x_wconf 85' lang='lat' dir='ltr'>errorem</span> <span class='ocrx_word' id='word_1_86' title='bbox 1268 1579 1286 1620; x_wconf 87' lang='lat' dir='ltr'>a</span> <span class='ocrx_word' id='word_1_87' title='bbox 1308 1554 1442 1623; x_wconf 88' lang='lat' dir='ltr'>librario</span> <span class='ocrx_word' id='word_1_88' title='bbox 1460 1554 1612 1640; x_wconf 89' lang='lat' dir='ltr'>repetita,</span> <span class='ocrx_word' id='word_1_89' title='bbox 1636 1575 1721 1642; x_wconf 87' lang='lat' dir='ltr'>quae</span> <span class='ocrx_word' id='word_1_90' title='bbox 1740 1553 1969 1642; x_wconf 82' lang='lat' dir='ltr'>flausingerus</span> <span class='ocrx_word' id='word_1_91' title='bbox 1988 1549 2109 1642; x_wconf 57' lang='lat' dir='ltr'>tuetur}</span> 
     </span>
     <span class='ocr_line' id='line_1_10' title="bbox 499 1655 2109 1752; baseline -0.002 -20"><span class='ocrx_word' id='word_1_92' title='bbox 499 1667 543 1732; x_wconf 91' lang='lat' dir='ltr'>de</span> <span class='ocrx_word' id='word_1_93' title='bbox 566 1664 724 1730; x_wconf 89' lang='lat' dir='ltr'>Gronovii</span> <span class='ocrx_word' id='word_1_94' title='bbox 750 1660 913 1728; x_wconf 82' lang='lat' dir='ltr'>sententie</span> <span class='ocrx_word' id='word_1_95' title='bbox 936 1661 968 1724; x_wconf 90' lang='lat' dir='ltr'>in</span> <span class='ocrx_word' id='word_1_96' title='bbox 992 1662 1093 1728; x_wconf 86' lang='lat' dir='ltr'>altera</span> <span class='ocrx_word' id='word_1_97' title='bbox 1115 1659 1260 1737; x_wconf 80' lang='lat' dir='ltr'>editione</span> <span class='ocrx_word' id='word_1_98' title='bbox 1283 1655 1401 1722; x_wconf 79' lang='lat' dir='ltr'>deleri.</span> <span class='ocrx_word' id='word_1_99' title='bbox 1447 1655 1615 1722; x_wconf 82' lang='lat' dir='ltr'>Bclrlrerus</span> <span class='ocrx_word' id='word_1_100' title='bbox 1637 1657 1737 1724; x_wconf 77' lang='lat' dir='ltr'>verbu</span> <span class='ocrx_word' id='word_1_101' title='bbox 1759 1661 1892 1752; x_wconf 76' lang='lat' dir='ltr'>gunardo</span> <span class='ocrx_word' id='word_1_102' title='bbox 1915 1662 1951 1726; x_wconf 87' lang='lat' dir='ltr'>id</span> <span class='ocrx_word' id='word_1_103' title='bbox 1974 1659 2109 1746; x_wconf 67' lang='lat' dir='ltr'>tottam,</span> 
     </span>
     <span class='ocr_line' id='line_1_11' title="bbox 501 1759 2109 1858; baseline -0.002 -23"><span class='ocrx_word' id='word_1_104' title='bbox 501 1782 538 1835; x_wconf 89' lang='lat' dir='ltr'>ut</span> <span class='ocrx_word' id='word_1_105' title='bbox 568 1769 693 1855; x_wconf 88' lang='lat' dir='ltr'>spuria,</span> <span class='ocrx_word' id='word_1_106' title='bbox 725 1763 820 1830; x_wconf 87' lang='lat' dir='ltr'>nucis</span> <span class='ocrx_word' id='word_1_107' title='bbox 850 1761 995 1828; x_wconf 80' lang='lat' dir='ltr'>inclusit.</span> <span class='ocrx_word' id='word_1_108' title='bbox 1041 1762 1084 1826; x_wconf 85' lang='lat' dir='ltr'>Et</span> <span class='ocrx_word' id='word_1_109' title='bbox 1111 1760 1218 1849; x_wconf 89' lang='lat' dir='ltr'>potuit</span> <span class='ocrx_word' id='word_1_110' title='bbox 1248 1783 1327 1826; x_wconf 87' lang='lat' dir='ltr'>saue</span> <span class='ocrx_word' id='word_1_111' title='bbox 1353 1761 1508 1828; x_wconf 81' lang='lat' dir='ltr'>librarius</span> <span class='ocrx_word' id='word_1_112' title='bbox 1537 1783 1604 1826; x_wconf 90' lang='lat' dir='ltr'>nou</span> <span class='ocrx_word' id='word_1_113' title='bbox 1634 1759 1741 1826; x_wconf 89' lang='lat' dir='ltr'>solum</span> <span class='ocrx_word' id='word_1_114' title='bbox 1772 1761 1811 1828; x_wconf 93' lang='lat' dir='ltr'>ab</span> <span class='ocrx_word' id='word_1_115' title='bbox 1844 1764 1945 1832; x_wconf 89' lang='lat' dir='ltr'>alteru</span> <span class='ocrx_word' id='word_1_116' title='bbox 1975 1767 2109 1858; x_wconf 83' lang='lat' dir='ltr'>quondo</span> 
     </span>
     <span class='ocr_line' id='line_1_12' title="bbox 498 1863 2110 1955; baseline -0.001 -19"><span class='ocrx_word' id='word_1_117' title='bbox 498 1872 542 1937; x_wconf 85' lang='lat' dir='ltr'>asi</span> <span class='ocrx_word' id='word_1_118' title='bbox 564 1872 714 1952; x_wconf 88' lang='lat' dir='ltr'>alterum,</span> <span class='ocrx_word' id='word_1_119' title='bbox 738 1869 797 1934; x_wconf 91' lang='lat' dir='ltr'>sed</span> <span class='ocrx_word' id='word_1_120' title='bbox 819 1867 916 1932; x_wconf 85' lang='lat' dir='ltr'>etiam</span> <span class='ocrx_word' id='word_1_121' title='bbox 938 1889 956 1929; x_wconf 80' lang='lat' dir='ltr'>a</span> <span class='ocrx_word' id='word_1_122' title='bbox 977 1867 1178 1932; x_wconf 81' lang='lat' dir='ltr'>decreuisset</span> <span class='ocrx_word' id='word_1_123' title='bbox 1198 1863 1240 1928; x_wconf 91' lang='lat' dir='ltr'>ad</span> <span class='ocrx_word' id='word_1_124' title='bbox 1264 1867 1437 1930; x_wconf 75' lang='lat' dir='ltr'>tramisset</span> <span class='ocrx_word' id='word_1_125' title='bbox 1458 1863 1618 1927; x_wconf 91' lang='lat' dir='ltr'>aberrare.</span> <span class='ocrx_word' id='word_1_126' title='bbox 1643 1899 1682 1912; x_wconf 92' lang='lat'><em>-</em></span> <span class='ocrx_word' id='word_1_127' title='bbox 1716 1864 1806 1951; x_wconf 90' lang='lat' dir='ltr'>quod</span> <span class='ocrx_word' id='word_1_128' title='bbox 1832 1867 1992 1953; x_wconf 89' lang='lat' dir='ltr'>peditum,</span> <span class='ocrx_word' id='word_1_129' title='bbox 2021 1867 2110 1955; x_wconf 89' lang='lat' dir='ltr'>quod</span> 
     </span>
     <span class='ocr_line' id='line_1_13' title="bbox 500 1965 2110 2060; baseline 0.001 -22"><span class='ocrx_word' id='word_1_130' title='bbox 500 1973 649 2060; x_wconf 84' lang='lat' dir='ltr'>equiturn</span> <span class='ocrx_word' id='word_1_131' title='bbox 679 1972 713 2035; x_wconf 90' lang='lat' dir='ltr'>in</span> <span class='ocrx_word' id='word_1_132' title='bbox 746 1969 863 2035; x_wconf 83' lang='lat' dir='ltr'>castris</span> <span class='ocrx_word' id='word_1_133' title='bbox 894 1967 1014 2051; x_wconf 85' lang='lat' dir='ltr'>luerit]</span> <span class='ocrx_word' id='word_1_134' title='bbox 1044 1967 1106 2033; x_wconf 85' lang='lat' dir='ltr'>llis</span> <span class='ocrx_word' id='word_1_135' title='bbox 1137 1967 1324 2034; x_wconf 87' lang='lat' dir='ltr'>Crevierius</span> <span class='ocrx_word' id='word_1_136' title='bbox 1355 1966 1518 2055; x_wconf 85' lang='lat' dir='ltr'>probabili</span> <span class='ocrx_word' id='word_1_137' title='bbox 1555 1965 1729 2032; x_wconf 77' lang='lat' dir='ltr'>admodum</span> <span class='ocrx_word' id='word_1_138' title='bbox 1766 1969 1953 2036; x_wconf 87' lang='lat' dir='ltr'>coniectura</span> <span class='ocrx_word' id='word_1_139' title='bbox 1991 1972 2110 2040; x_wconf 82' lang='lat' dir='ltr'>duetus</span> 
     </span>
     <span class='ocr_line' id='line_1_14' title="bbox 500 2069 2110 2158; baseline 0.002 -18"><span class='ocrx_word' id='word_1_140' title='bbox 500 2084 615 2140; x_wconf 88' lang='lat' dir='ltr'>censet</span> <span class='ocrx_word' id='word_1_141' title='bbox 641 2071 741 2138; x_wconf 87' lang='lat' dir='ltr'>adiici</span> <span class='ocrx_word' id='word_1_142' title='bbox 771 2069 890 2138; x_wconf 88' lang='lat' dir='ltr'>debere</span> <span class='ocrx_word' id='word_1_143' title='bbox 919 2091 1072 2150; x_wconf 80' lang='lat' dir='ltr'>cresum,</span> <span class='ocrx_word' id='word_1_144' title='bbox 1101 2069 1192 2156; x_wconf 89' lang='lat' dir='ltr'>quod</span> <span class='ocrx_word' id='word_1_145' title='bbox 1222 2069 1318 2134; x_wconf 76' lang='lat' dir='ltr'>facile</span> <span class='ocrx_word' id='word_1_146' title='bbox 1349 2069 1457 2156; x_wconf 88' lang='lat' dir='ltr'>potuit</span> <span class='ocrx_word' id='word_1_147' title='bbox 1485 2069 1637 2157; x_wconf 82' lang='lat' dir='ltr'>intercipi</span> <span class='ocrx_word' id='word_1_148' title='bbox 1666 2093 1684 2134; x_wconf 89' lang='lat' dir='ltr'>u</span> <span class='ocrx_word' id='word_1_149' title='bbox 1717 2071 1953 2158; x_wconf 75' lang='lat' dir='ltr'>sequentibusr</span> <span class='ocrx_word' id='word_1_150' title='bbox 1986 2087 2110 2146; x_wconf 83' lang='lat' dir='ltr'>ceteros</span> 
     </span>
     <span class='ocr_line' id='line_1_15' title="bbox 499 2170 2197 2266; baseline -0.001 -25"><span class='ocrx_word' id='word_1_151' title='bbox 499 2179 641 2242; x_wconf 74' lang='lat' dir='ltr'>incarner</span> <span class='ocrx_word' id='word_1_152' title='bbox 661 2173 834 2266; x_wconf 64' lang='lat' dir='ltr'>finesque,</span> <span class='ocrx_word' id='word_1_153' title='bbox 852 2195 911 2260; x_wconf 90' lang='lat' dir='ltr'>pru</span> <span class='ocrx_word' id='word_1_154' title='bbox 934 2194 999 2260; x_wconf 86' lang='lat' dir='ltr'>quo</span> <span class='ocrx_word' id='word_1_155' title='bbox 1025 2172 1219 2240; x_wconf 79' lang='lat' dir='ltr'>Perizonius</span> <span class='ocrx_word' id='word_1_156' title='bbox 1241 2171 1355 2242; x_wconf 85' lang='lat' dir='ltr'>maluit</span> <span class='ocrx_word' id='word_1_157' title='bbox 1377 2171 1577 2262; x_wconf 78' lang='lat' dir='ltr'>effusasque,</span> <span class='ocrx_word' id='word_1_158' title='bbox 1601 2170 1689 2260; x_wconf 87' lang='lat' dir='ltr'>quod</span> <span class='ocrx_word' id='word_1_159' title='bbox 1714 2195 1912 2262; x_wconf 75' lang='lat' dir='ltr'>magnopere</span> <span class='ocrx_word' id='word_1_160' title='bbox 1935 2176 2051 2262; x_wconf 86' lang='lat' dir='ltr'>placet.</span> <span class='ocrx_word' id='word_1_161' title='bbox 2193 2239 2197 2246; x_wconf 76' lang='grc'><strong>,</strong></span> 
     </span>
    </p>
   </div>
   <div class='ocr_carea' id='block_1_4' title="bbox 418 2321 2113 4142">
    <p class='ocr_par' dir='ltr' id='par_1_4' title="bbox 418 2321 2113 4142">
     <span class='ocr_line' id='line_1_16' title="bbox 585 2321 2109 2412; baseline 0.003 -24"><span class='ocrx_word' id='word_1_162' title='bbox 585 2327 666 2411; x_wconf 90' lang='lat' dir='ltr'>Cap.</span> <span class='ocrx_word' id='word_1_163' title='bbox 689 2323 786 2389; x_wconf 85' lang='lat' dir='ltr'>Vlll.</span> <span class='ocrx_word' id='word_1_164' title='bbox 812 2324 850 2388; x_wconf 83' lang='lat' dir='ltr'>C.</span> <span class='ocrx_word' id='word_1_165' title='bbox 874 2321 1053 2406; x_wconf 85' lang='lat' dir='ltr'>Quinctius</span> <span class='ocrx_word' id='word_1_166' title='bbox 1077 2321 1295 2406; x_wconf 79' lang='lat' dir='ltr'>Flamininus]</span> <span class='ocrx_word' id='word_1_167' title='bbox 1320 2322 1489 2406; x_wconf 71' lang='lat' dir='ltr'>Grgnaeus</span> <span class='ocrx_word' id='word_1_168' title='bbox 1509 2321 1634 2387; x_wconf 78' lang='lat' dir='ltr'>&#39;ediditr</span> <span class='ocrx_word' id='word_1_169' title='bbox 1661 2323 1699 2389; x_wconf 84' lang='lat' dir='ltr'>C.</span> <span class='ocrx_word' id='word_1_170' title='bbox 1728 2323 1885 2412; x_wconf 78' lang='lat' dir='ltr'>Quintius</span> <span class='ocrx_word' id='word_1_171' title='bbox 1908 2327 2109 2410; x_wconf 83' lang='lat' dir='ltr'>Flaminius,</span> 
     </span>
     <span class='ocr_line' id='line_1_17' title="bbox 418 2420 2110 2508; baseline 0.001 -17"><span class='ocrx_word' id='word_1_172' title='bbox 418 2453 422 2470; x_wconf 88' lang='lat'><strong>·</strong></span> <span class='ocrx_word' id='word_1_173' title='bbox 501 2424 554 2490; x_wconf 89' lang='lat' dir='ltr'>oui</span> <span class='ocrx_word' id='word_1_174' title='bbox 581 2425 680 2490; x_wconf 75' lang='lat' dir='ltr'>Frob.</span> <span class='ocrx_word' id='word_1_175' title='bbox 701 2425 732 2488; x_wconf 87' lang='grc'>2.</span> <span class='ocrx_word' id='word_1_176' title='bbox 759 2448 825 2487; x_wconf 91' lang='lat' dir='ltr'>nou</span> <span class='ocrx_word' id='word_1_177' title='bbox 845 2425 900 2488; x_wconf 79' lang='lat' dir='ltr'>tic</span> <span class='ocrx_word' id='word_1_178' title='bbox 926 2437 1064 2506; x_wconf 86' lang='lat' dir='ltr'>tantum,</span> <span class='ocrx_word' id='word_1_179' title='bbox 1088 2425 1147 2490; x_wconf 88' lang='lat' dir='ltr'>scd</span> <span class='ocrx_word' id='word_1_180' title='bbox 1170 2424 1265 2489; x_wconf 89' lang='lat' dir='ltr'>etiarn</span> <span class='ocrx_word' id='word_1_181' title='bbox 1285 2420 1397 2502; x_wconf 86' lang='lat' dir='ltr'>tht,</span> <span class='ocrx_word' id='word_1_182' title='bbox 1416 2421 1467 2485; x_wconf 82' lang='grc'>34.</span> <span class='ocrx_word' id='word_1_183' title='bbox 1490 2434 1587 2508; x_wconf 92' lang='lat' dir='ltr'>atque</span> <span class='ocrx_word' id='word_1_184' title='bbox 1606 2421 1716 2503; x_wconf 85' lang='lat' dir='ltr'>XLV,</span> <span class='ocrx_word' id='word_1_185' title='bbox 1732 2421 1784 2487; x_wconf 92' lang='grc'>42.</span> <span class='ocrx_word' id='word_1_186' title='bbox 1803 2439 1834 2490; x_wconf 89' lang='lat' dir='ltr'>et</span> <span class='ocrx_word' id='word_1_187' title='bbox 1853 2427 1905 2490; x_wconf 91' lang='grc'>44.</span> <span class='ocrx_word' id='word_1_188' title='bbox 1929 2439 2015 2492; x_wconf 88' lang='lat' dir='ltr'>recte</span> <span class='ocrx_word' id='word_1_189' title='bbox 2032 2430 2110 2493; x_wconf 84' lang='lat' dir='ltr'>Flu·</span> 
     </span>
     <span class='ocr_line' id='line_1_18' title="bbox 500 2521 2110 2618; baseline -0.004 -26"><span class='ocrx_word' id='word_1_190' title='bbox 500 2531 644 2592; x_wconf 85' lang='lat' dir='ltr'>nrininus</span> <span class='ocrx_word' id='word_1_191' title='bbox 668 2527 849 2591; x_wconf 84' lang='lat' dir='ltr'>substituit.</span> <span class='ocrx_word' id='word_1_192' title='bbox 886 2526 973 2591; x_wconf 89' lang='lat' dir='ltr'>lllud</span> <span class='ocrx_word' id='word_1_193' title='bbox 994 2527 1082 2592; x_wconf 87' lang='lat' dir='ltr'>euim</span> <span class='ocrx_word' id='word_1_194' title='bbox 1104 2541 1155 2593; x_wconf 86' lang='lat' dir='ltr'>est</span> <span class='ocrx_word' id='word_1_195' title='bbox 1176 2533 1295 2592; x_wconf 88' lang='lat' dir='ltr'>nomen</span> <span class='ocrx_word' id='word_1_196' title='bbox 1316 2521 1529 2612; x_wconf 84' lang='lat' dir='ltr'>gentilitium,</span> <span class='ocrx_word' id='word_1_197' title='bbox 1551 2525 1612 2588; x_wconf 89' lang='lat' dir='ltr'>boc</span> <span class='ocrx_word' id='word_1_198' title='bbox 1635 2547 1830 2611; x_wconf 75' lang='lat' dir='ltr'>cognomen,</span> <span class='ocrx_word' id='word_1_199' title='bbox 1855 2530 1942 2618; x_wconf 85' lang='lat' dir='ltr'>qnod</span> <span class='ocrx_word' id='word_1_200' title='bbox 1966 2555 2031 2596; x_wconf 75' lang='lat' dir='ltr'>oon</span> <span class='ocrx_word' id='word_1_201' title='bbox 2055 2532 2110 2599; x_wconf 75' lang='lat' dir='ltr'>du.</span> 
     </span>
     <span class='ocr_line' id='line_1_19' title="bbox 499 2625 2111 2718; baseline -0.004 -24"><span class='ocrx_word' id='word_1_202' title='bbox 499 2629 584 2713; x_wconf 88' lang='lat' dir='ltr'>bito,</span> <span class='ocrx_word' id='word_1_203' title='bbox 607 2631 688 2717; x_wconf 88' lang='lat' dir='ltr'>quin</span> <span class='ocrx_word' id='word_1_204' title='bbox 708 2628 762 2696; x_wconf 79' lang='lat' dir='ltr'>liic</span> <span class='ocrx_word' id='word_1_205' title='bbox 779 2649 925 2714; x_wconf 88' lang='lat' dir='ltr'>quoqne,</span> <span class='ocrx_word' id='word_1_206' title='bbox 948 2638 985 2690; x_wconf 90' lang='lat' dir='ltr'>ut</span> <span class='ocrx_word' id='word_1_207' title='bbox 1004 2626 1097 2706; x_wconf 84' lang='lat' dir='ltr'>alibi,</span> <span class='ocrx_word' id='word_1_208' title='bbox 1120 2630 1154 2692; x_wconf 90' lang='lat' dir='ltr'>in</span> <span class='ocrx_word' id='word_1_209' title='bbox 1178 2628 1292 2693; x_wconf 88' lang='lat' dir='ltr'>codice</span> <span class='ocrx_word' id='word_1_210' title='bbox 1315 2625 1487 2691; x_wconf 81' lang='lat' dir='ltr'>exstiterit.</span> <span class='ocrx_word' id='word_1_211' title='bbox 1503 2663 1539 2676; x_wconf 89' lang='lat'>-</span> <span class='ocrx_word' id='word_1_212' title='bbox 1560 2627 1598 2691; x_wconf 87' lang='lat' dir='ltr'>C.</span> <span class='ocrx_word' id='word_1_213' title='bbox 1618 2625 1811 2716; x_wconf 86' lang='lat' dir='ltr'>Mummius]</span> <span class='ocrx_word' id='word_1_214' title='bbox 1825 2632 1965 2718; x_wconf 75' lang='lat' dir='ltr'>sigonio</span> <span class='ocrx_word' id='word_1_215' title='bbox 1979 2651 2111 2706; x_wconf 64' lang='lat' dir='ltr'>onero„</span> 
     </span>
     <span class='ocr_line' id='line_1_20' title="bbox 500 2724 2111 2818; baseline 0.001 -22"><span class='ocrx_word' id='word_1_216' title='bbox 500 2729 716 2810; x_wconf 79' lang='lat' dir='ltr'>Crevieriurn,</span> <span class='ocrx_word' id='word_1_217' title='bbox 735 2727 982 2794; x_wconf 81' lang='lat' dir='ltr'>Lullemendum</span> <span class='ocrx_word' id='word_1_218' title='bbox 1006 2740 1039 2794; x_wconf 91' lang='lat' dir='ltr'>et</span> <span class='ocrx_word' id='word_1_219' title='bbox 1062 2724 1257 2816; x_wconf 83' lang='lat' dir='ltr'>Rupertium</span> <span class='ocrx_word' id='word_1_220' title='bbox 1280 2740 1413 2794; x_wconf 88' lang='lat' dir='ltr'>secutus</span> <span class='ocrx_word' id='word_1_221' title='bbox 1435 2729 1554 2818; x_wconf 86' lang='lat' dir='ltr'>scripsi</span> <span class='ocrx_word' id='word_1_222' title='bbox 1576 2733 1618 2796; x_wconf 77' lang='lat' dir='ltr'>L.</span> <span class='ocrx_word' id='word_1_223' title='bbox 1644 2733 1837 2800; x_wconf 79' lang='lat' dir='ltr'>Mummius.</span> <span class='ocrx_word' id='word_1_224' title='bbox 1860 2739 1903 2801; x_wconf 85' lang='lat' dir='ltr'>B.</span> <span class='ocrx_word' id='word_1_225' title='bbox 1925 2773 1964 2786; x_wconf 95' lang='lat'>—</span> <span class='ocrx_word' id='word_1_226' title='bbox 1985 2740 2025 2803; x_wconf 87' lang='lat' dir='ltr'>L.</span> <span class='ocrx_word' id='word_1_227' title='bbox 2051 2739 2111 2808; x_wconf 78' lang='lat' dir='ltr'>Mi.</span> 
     </span>
     <span class='ocr_line' id='line_1_21' title="bbox 499 2829 2111 2930; baseline 0.005 -31"><span class='ocrx_word' id='word_1_228' title='bbox 499 2833 619 2898; x_wconf 85' lang='lat' dir='ltr'>nucius</span> <span class='ocrx_word' id='word_1_229' title='bbox 636 2829 816 2907; x_wconf 85' lang='lat' dir='ltr'>Thermus]</span> <span class='ocrx_word' id='word_1_230' title='bbox 836 2829 924 2892; x_wconf 82' lang='lat' dir='ltr'>Huic</span> <span class='ocrx_word' id='word_1_231' title='bbox 947 2829 1085 2908; x_wconf 87' lang='lat' dir='ltr'>nomini,</span> <span class='ocrx_word' id='word_1_232' title='bbox 1101 2831 1189 2913; x_wconf 92' lang='lat' dir='ltr'>quod</span> <span class='ocrx_word' id='word_1_233' title='bbox 1209 2851 1268 2913; x_wconf 87' lang='lat' dir='ltr'>per</span> <span class='ocrx_word' id='word_1_234' title='bbox 1286 2831 1526 2913; x_wconf 88' lang='lat' dir='ltr'>oppositionem</span> <span class='ocrx_word' id='word_1_235' title='bbox 1544 2832 1703 2897; x_wconf 84' lang='lat' dir='ltr'>adiectum</span> <span class='ocrx_word' id='word_1_236' title='bbox 1724 2857 1797 2900; x_wconf 87' lang='lat' dir='ltr'>esse</span> <span class='ocrx_word' id='word_1_237' title='bbox 1808 2837 2010 2926; x_wconf 85' lang='lat' dir='ltr'>Doeringius</span> <span class='ocrx_word' id='word_1_238' title='bbox 2033 2845 2111 2930; x_wconf 85' lang='lat' dir='ltr'>sibi,</span> 
     </span>
     <span class='ocr_line' id='line_1_22' title="bbox 499 2927 2113 3031; baseline 0 -31"><span class='ocrx_word' id='word_1_239' title='bbox 499 2959 566 3000; x_wconf 90' lang='lat' dir='ltr'>non</span> <span class='ocrx_word' id='word_1_240' title='bbox 588 2933 661 2996; x_wconf 81' lang='lat' dir='ltr'>eliis</span> <span class='ocrx_word' id='word_1_241' title='bbox 677 2927 852 3016; x_wconf 81' lang='lat' dir='ltr'>persuasit,</span> <span class='ocrx_word' id='word_1_242' title='bbox 870 2927 1012 3007; x_wconf 84' lang='lat' dir='ltr'>Clerico,</span> <span class='ocrx_word' id='word_1_243' title='bbox 1030 2928 1197 2990; x_wconf 81' lang='lat' dir='ltr'>Crevieriu</span> <span class='ocrx_word' id='word_1_244' title='bbox 1214 2937 1245 2992; x_wconf 88' lang='lat' dir='ltr'>ut</span> <span class='ocrx_word' id='word_1_245' title='bbox 1263 2927 1425 3013; x_wconf 81' lang='lat' dir='ltr'>Rupertio</span> <span class='ocrx_word' id='word_1_246' title='bbox 1440 2928 1617 2995; x_wconf 86' lang='lat' dir='ltr'>obsecutus</span> <span class='ocrx_word' id='word_1_247' title='bbox 1633 2934 1783 3019; x_wconf 90' lang='lat' dir='ltr'>copulam</span> <span class='ocrx_word' id='word_1_248' title='bbox 1802 2948 1834 2999; x_wconf 88' lang='lat' dir='ltr'>ct</span> <span class='ocrx_word' id='word_1_249' title='bbox 1848 2959 1865 3001; x_wconf 88' lang='lat' dir='ltr'>a</span> <span class='ocrx_word' id='word_1_250' title='bbox 1881 2939 2015 3008; x_wconf 84' lang='lat' dir='ltr'>Doberu</span> <span class='ocrx_word' id='word_1_251' title='bbox 2033 2961 2113 3031; x_wconf 81' lang='lat' dir='ltr'>quo.</span> 
     </span>
     <span class='ocr_line' id='line_1_23' title="bbox 501 3027 2112 3133; baseline 0.007 -34"><span class='ocrx_word' id='word_1_252' title='bbox 501 3057 566 3123; x_wconf 88' lang='lat' dir='ltr'>que</span> <span class='ocrx_word' id='word_1_253' title='bbox 589 3032 806 3096; x_wconf 75' lang='lat' dir='ltr'>desideratum</span> <span class='ocrx_word' id='word_1_254' title='bbox 830 3027 996 3114; x_wconf 86' lang='lat' dir='ltr'>praemisi.</span> <span class='ocrx_word' id='word_1_255' title='bbox 1021 3029 1064 3092; x_wconf 88' lang='lat' dir='ltr'>B.</span> <span class='ocrx_word' id='word_1_256' title='bbox 1090 3065 1130 3076; x_wconf 92' lang='lat'><em>-</em></span> <span class='ocrx_word' id='word_1_257' title='bbox 1153 3051 1236 3113; x_wconf 83' lang='lat' dir='ltr'>quoe</span> <span class='ocrx_word' id='word_1_258' title='bbox 1257 3041 1290 3093; x_wconf 89' lang='lat' dir='ltr'>et</span> <span class='ocrx_word' id='word_1_259' title='bbox 1309 3053 1476 3114; x_wconf 84' lang='lat' dir='ltr'>censores,</span> <span class='ocrx_word' id='word_1_260' title='bbox 1500 3045 1534 3096; x_wconf 90' lang='lat' dir='ltr'>et</span> <span class='ocrx_word' id='word_1_261' title='bbox 1555 3034 1681 3120; x_wconf 86' lang='lat' dir='ltr'>priores</span> <span class='ocrx_word' id='word_1_262' title='bbox 1705 3038 1857 3102; x_wconf 86' lang='lat' dir='ltr'>consules</span> <span class='ocrx_word' id='word_1_263' title='bbox 1880 3041 2112 3133; x_wconf 77' lang='lat' dir='ltr'>fatigaverunt]</span> 
     </span>
     <span class='ocr_line' id='line_1_24' title="bbox 501 3128 2112 3226; baseline 0.006 -25"><span class='ocrx_word' id='word_1_264' title='bbox 501 3137 553 3204; x_wconf 81' lang='lat' dir='ltr'>Ex</span> <span class='ocrx_word' id='word_1_265' title='bbox 575 3132 734 3200; x_wconf 79' lang='lat' dir='ltr'>Gronovii</span> <span class='ocrx_word' id='word_1_266' title='bbox 756 3130 985 3196; x_wconf 80' lang='lat' dir='ltr'>emendatione</span> <span class='ocrx_word' id='word_1_267' title='bbox 1008 3128 1152 3212; x_wconf 88' lang='lat' dir='ltr'>Cloriou,</span> <span class='ocrx_word' id='word_1_268' title='bbox 1176 3132 1355 3213; x_wconf 85' lang='lat' dir='ltr'>Crevierio,</span> <span class='ocrx_word' id='word_1_269' title='bbox 1378 3133 1590 3200; x_wconf 87' lang='lat' dir='ltr'>Lallemaudo</span> <span class='ocrx_word' id='word_1_270' title='bbox 1618 3149 1651 3202; x_wconf 91' lang='lat' dir='ltr'>et</span> <span class='ocrx_word' id='word_1_271' title='bbox 1667 3135 1829 3225; x_wconf 83' lang='lat' dir='ltr'>Rupertiu</span> <span class='ocrx_word' id='word_1_272' title='bbox 1845 3141 1980 3226; x_wconf 89' lang='lat' dir='ltr'>probata</span> <span class='ocrx_word' id='word_1_273' title='bbox 1995 3143 2112 3224; x_wconf 79' lang='lat' dir='ltr'>Boum-</span> 
     </span>
     <span class='ocr_line' id='line_1_25' title="bbox 502 3233 2110 3330; baseline 0.004 -19"><span class='ocrx_word' id='word_1_274' title='bbox 502 3236 770 3330; x_wconf 68' lang='lat' dir='ltr'>garten-Cresius</span> <span class='ocrx_word' id='word_1_275' title='bbox 792 3246 825 3298; x_wconf 75' lang='lat' dir='ltr'>et</span> <span class='ocrx_word' id='word_1_276' title='bbox 848 3233 1016 3297; x_wconf 68' lang='lat' dir='ltr'>ficklerus</span> <span class='ocrx_word' id='word_1_277' title='bbox 1037 3233 1279 3322; x_wconf 79' lang='lat' dir='ltr'>fatigaverunt,</span> <span class='ocrx_word' id='word_1_278' title='bbox 1305 3235 1394 3323; x_wconf 88' lang='lat' dir='ltr'>quod</span> <span class='ocrx_word' id='word_1_279' title='bbox 1420 3235 1607 3318; x_wconf 84' lang='lat' dir='ltr'>Walclrius,</span> <span class='ocrx_word' id='word_1_280' title='bbox 1631 3239 1740 3303; x_wconf 83' lang='lat' dir='ltr'>verbis</span> <span class='ocrx_word' id='word_1_281' title='bbox 1763 3251 1796 3304; x_wconf 85' lang='lat' dir='ltr'>et</span> <span class='ocrx_word' id='word_1_282' title='bbox 1817 3264 1969 3310; x_wconf 70' lang='lat' dir='ltr'>occasuros</span> <span class='ocrx_word' id='word_1_283' title='bbox 1991 3259 2110 3318; x_wconf 83' lang='lat' dir='ltr'>temere</span> 
     </span>
     <span class='ocr_line' id='line_1_26' title="bbox 504 3335 2111 3430; baseline -0.004 -24"><span class='ocrx_word' id='word_1_284' title='bbox 504 3340 651 3420; x_wconf 84' lang='lat' dir='ltr'>omissis,</span> <span class='ocrx_word' id='word_1_285' title='bbox 676 3336 862 3402; x_wconf 84' lang='lat' dir='ltr'>Emendctt.</span> <span class='ocrx_word' id='word_1_286' title='bbox 885 3335 960 3399; x_wconf 80' lang='lat' dir='ltr'>Liv.</span> <span class='ocrx_word' id='word_1_287' title='bbox 982 3359 1013 3423; x_wconf 88' lang='lat' dir='ltr'>p.</span> <span class='ocrx_word' id='word_1_288' title='bbox 1035 3335 1088 3399; x_wconf 84' lang='lat'>73.</span> <span class='ocrx_word' id='word_1_289' title='bbox 1114 3337 1233 3402; x_wconf 76' lang='lat' dir='ltr'>frustra</span> <span class='ocrx_word' id='word_1_290' title='bbox 1255 3337 1416 3419; x_wconf 76' lang='lat' dir='ltr'>defendit,</span> <span class='ocrx_word' id='word_1_291' title='bbox 1440 3348 1527 3402; x_wconf 86' lang='lat' dir='ltr'>recte</span> <span class='ocrx_word' id='word_1_292' title='bbox 1549 3339 1584 3402; x_wconf 89' lang='lat' dir='ltr'>in</span> <span class='ocrx_word' id='word_1_293' title='bbox 1610 3337 1840 3430; x_wconf 75' lang='lat' dir='ltr'>fatigaverunt</span> <span class='ocrx_word' id='word_1_294' title='bbox 1867 3360 2044 3416; x_wconf 68' lang='lat' dir='ltr'>motorum,</span> <span class='ocrx_word' id='word_1_295' title='bbox 2068 3389 2111 3412; x_wconf 78' lang='grc'>..,</span> 
     </span>
     <span class='ocr_line' id='line_1_27' title="bbox 500 3437 2108 3543; baseline 0.006 -36"><span class='ocrx_word' id='word_1_296' title='bbox 500 3441 634 3507; x_wconf 83' lang='lat' dir='ltr'>Summa</span> <span class='ocrx_word' id='word_1_297' title='bbox 659 3438 864 3526; x_wconf 77' lang='lat' dir='ltr'>querelarum</span> <span class='ocrx_word' id='word_1_298' title='bbox 886 3439 1054 3522; x_wconf 70' lang='lat' dir='ltr'>cratete]</span> <span class='ocrx_word' id='word_1_299' title='bbox 1077 3437 1129 3543; x_wconf 53' lang='lat' dir='ltr'>lie</span> <span class='ocrx_word' id='word_1_300' title='bbox 1152 3437 1221 3504; x_wconf 90' lang='lat' dir='ltr'>totu</span> <span class='ocrx_word' id='word_1_301' title='bbox 1243 3441 1306 3505; x_wconf 90' lang='lat' dir='ltr'>boe</span> <span class='ocrx_word' id='word_1_302' title='bbox 1335 3441 1409 3504; x_wconf 89' lang='lat' dir='ltr'>loco</span> <span class='ocrx_word' id='word_1_303' title='bbox 1438 3441 1587 3505; x_wconf 77' lang='lat' dir='ltr'>conseras</span> <span class='ocrx_word' id='word_1_304' title='bbox 1615 3442 1713 3508; x_wconf 86' lang='lat' dir='ltr'>velim</span> <span class='ocrx_word' id='word_1_305' title='bbox 1740 3443 1890 3511; x_wconf 84' lang='lat' dir='ltr'>Walebii</span> <span class='ocrx_word' id='word_1_306' title='bbox 1921 3449 2108 3522; x_wconf 87' lang='lat' dir='ltr'>Emendatt.</span> 
     </span>
     <span class='ocr_line' id='line_1_28' title="bbox 500 3538 2109 3638; baseline 0.011 -31"><span class='ocrx_word' id='word_1_307' title='bbox 500 3541 574 3607; x_wconf 80' lang='lat' dir='ltr'>biv.</span> <span class='ocrx_word' id='word_1_308' title='bbox 600 3565 634 3627; x_wconf 88' lang='lat' dir='ltr'>p.</span> <span class='ocrx_word' id='word_1_309' title='bbox 659 3539 732 3604; x_wconf 79' lang='lat'>218.</span> <span class='ocrx_word' id='word_1_310' title='bbox 758 3561 834 3626; x_wconf 85' lang='lat' dir='ltr'>sqq.</span> <span class='ocrx_word' id='word_1_311' title='bbox 858 3551 892 3603; x_wconf 90' lang='lat' dir='ltr'>et</span> <span class='ocrx_word' id='word_1_312' title='bbox 910 3538 1071 3626; x_wconf 75' lang='lat' dir='ltr'>Madvigii</span> <span class='ocrx_word' id='word_1_313' title='bbox 1095 3539 1184 3628; x_wconf 89' lang='lat' dir='ltr'>Opp.</span> <span class='ocrx_word' id='word_1_314' title='bbox 1208 3541 1315 3608; x_wconf 79' lang='lat' dir='ltr'>Aead.</span> <span class='ocrx_word' id='word_1_315' title='bbox 1336 3543 1427 3607; x_wconf 86' lang='lat' dir='ltr'>Part.</span> <span class='ocrx_word' id='word_1_316' title='bbox 1451 3543 1478 3606; x_wconf 94' lang='grc'>1.</span> <span class='ocrx_word' id='word_1_317' title='bbox 1503 3568 1536 3629; x_wconf 87' lang='lat' dir='ltr'>p.</span> <span class='ocrx_word' id='word_1_318' title='bbox 1559 3543 1634 3610; x_wconf 87' lang='grc'><strong>280.</strong></span> <span class='ocrx_word' id='word_1_319' title='bbox 1660 3569 1735 3635; x_wconf 85' lang='lat' dir='ltr'>sqq.</span> <span class='ocrx_word' id='word_1_320' title='bbox 1760 3571 1925 3638; x_wconf 85' lang='lat' dir='ltr'>-neque</span> <span class='ocrx_word' id='word_1_321' title='bbox 1947 3557 2109 3626; x_wconf 87' lang='lat' dir='ltr'>eominus</span> 
     </span>
     <span class='ocr_line' id='line_1_29' title="bbox 500 3638 2111 3740; baseline 0 -33"><span class='ocrx_word' id='word_1_322' title='bbox 500 3655 555 3708; x_wconf 87' lang='lat' dir='ltr'>aut</span> <span class='ocrx_word' id='word_1_323' title='bbox 578 3643 637 3706; x_wconf 87' lang='lat' dir='ltr'>bos</span> <span class='ocrx_word' id='word_1_324' title='bbox 660 3652 715 3704; x_wconf 84' lang='lat' dir='ltr'>eut</span> <span class='ocrx_word' id='word_1_325' title='bbox 737 3639 812 3704; x_wconf 91' lang='lat' dir='ltr'>illos</span> <span class='ocrx_word' id='word_1_326' title='bbox 836 3638 870 3700; x_wconf 91' lang='lat' dir='ltr'>in</span> <span class='ocrx_word' id='word_1_327' title='bbox 894 3638 1057 3704; x_wconf 88' lang='lat' dir='ltr'>deiectum</span> <span class='ocrx_word' id='word_1_328' title='bbox 1080 3639 1219 3705; x_wconf 86' lang='lat' dir='ltr'>militum</span> <span class='ocrx_word' id='word_1_329' title='bbox 1248 3641 1340 3725; x_wconf 89' lang='lat' dir='ltr'>dare]</span> <span class='ocrx_word' id='word_1_330' title='bbox 1371 3642 1552 3712; x_wconf 78' lang='lat' dir='ltr'>verissime</span> <span class='ocrx_word' id='word_1_331' title='bbox 1586 3647 1759 3732; x_wconf 83' lang='lat' dir='ltr'>Doberos,</span> <span class='ocrx_word' id='word_1_332' title='bbox 1790 3676 1887 3740; x_wconf 81' lang='lat' dir='ltr'>qoem</span> <span class='ocrx_word' id='word_1_333' title='bbox 1919 3655 1953 3718; x_wconf 76' lang='lat' dir='ltr'>in</span> <span class='ocrx_word' id='word_1_334' title='bbox 1985 3661 2111 3730; x_wconf 64' lang='lat' dir='ltr'>mino„</span> 
     </span>
     <span class='ocr_line' id='line_1_30' title="bbox 501 3738 2111 3851; baseline 0.009 -43"><span class='ocrx_word' id='word_1_335' title='bbox 501 3743 589 3808; x_wconf 82' lang='lat' dir='ltr'>Livii</span> <span class='ocrx_word' id='word_1_336' title='bbox 613 3741 758 3807; x_wconf 89' lang='lat' dir='ltr'>editione</span> <span class='ocrx_word' id='word_1_337' title='bbox 781 3753 912 3804; x_wconf 84' lang='lat' dir='ltr'>secutus</span> <span class='ocrx_word' id='word_1_338' title='bbox 936 3763 1021 3824; x_wconf 83' lang='lat' dir='ltr'>sum,</span> <span class='ocrx_word' id='word_1_339' title='bbox 1046 3741 1086 3806; x_wconf 94' lang='lat' dir='ltr'>de</span> <span class='ocrx_word' id='word_1_340' title='bbox 1107 3745 1205 3808; x_wconf 88' lang='lat' dir='ltr'>buius</span> <span class='ocrx_word' id='word_1_341' title='bbox 1227 3745 1293 3810; x_wconf 89' lang='lat' dir='ltr'>loci</span> <span class='ocrx_word' id='word_1_342' title='bbox 1316 3748 1499 3835; x_wconf 84' lang='lat' dir='ltr'>scriptura:</span> <span class='ocrx_word' id='word_1_343' title='bbox 1522 3749 1662 3832; x_wconf 83' lang='lat' dir='ltr'>„Proin</span> <span class='ocrx_word' id='word_1_344' title='bbox 1673 3754 1845 3839; x_wconf 82' lang='lat' dir='ltr'>delectum,</span> <span class='ocrx_word' id='word_1_345' title='bbox 1868 3760 1988 3848; x_wconf 84' lang='lat' dir='ltr'>inquit,</span> <span class='ocrx_word' id='word_1_346' title='bbox 2005 3738 2111 3851; x_wconf 75' lang='lat' dir='ltr'>iurgio</span> 
     </span>
     <span class='ocr_line' id='line_1_31' title="bbox 501 3840 2109 3951; baseline 0.008 -40"><span class='ocrx_word' id='word_1_347' title='bbox 501 3845 647 3937; x_wconf 86' lang='lat' dir='ltr'>placeret</span> <span class='ocrx_word' id='word_1_348' title='bbox 669 3840 771 3906; x_wconf 87' lang='lat' dir='ltr'>scribi</span> <span class='ocrx_word' id='word_1_349' title='bbox 793 3844 829 3904; x_wconf 84' lang='lat' dir='ltr'>in</span> <span class='ocrx_word' id='word_1_350' title='bbox 852 3841 993 3906; x_wconf 83' lang='lat' dir='ltr'>delectu.</span> <span class='ocrx_word' id='word_1_351' title='bbox 1032 3845 1129 3908; x_wconf 85' lang='lat' dir='ltr'>Dure</span> <span class='ocrx_word' id='word_1_352' title='bbox 1143 3845 1264 3910; x_wconf 88' lang='lat' dir='ltr'>milites</span> <span class='ocrx_word' id='word_1_353' title='bbox 1289 3849 1324 3912; x_wconf 86' lang='lat' dir='ltr'>in</span> <span class='ocrx_word' id='word_1_354' title='bbox 1341 3850 1505 3916; x_wconf 83' lang='lat' dir='ltr'>deiectum</span> <span class='ocrx_word' id='word_1_355' title='bbox 1527 3852 1676 3920; x_wconf 76' lang='lat' dir='ltr'>fortassis</span> <span class='ocrx_word' id='word_1_356' title='bbox 1692 3880 1854 3946; x_wconf 83' lang='lat' dir='ltr'>nusquam</span> <span class='ocrx_word' id='word_1_357' title='bbox 1873 3862 1953 3925; x_wconf 92' lang='lat' dir='ltr'>alibi</span> <span class='ocrx_word' id='word_1_358' title='bbox 1967 3864 2109 3951; x_wconf 61' lang='lat' dir='ltr'>legitor,</span> 
     </span>
     <span class='ocr_line' id='line_1_32' title="bbox 501 3941 2111 4050; baseline 0.009 -40"><span class='ocrx_word' id='word_1_359' title='bbox 501 3971 562 4012; x_wconf 89' lang='lat' dir='ltr'>nec</span> <span class='ocrx_word' id='word_1_360' title='bbox 584 3942 726 4011; x_wconf 86' lang='lat' dir='ltr'>absurde</span> <span class='ocrx_word' id='word_1_361' title='bbox 748 3941 823 4029; x_wconf 89' lang='lat' dir='ltr'>quis</span> <span class='ocrx_word' id='word_1_362' title='bbox 847 3943 1047 4028; x_wconf 88' lang='lat' dir='ltr'>suspicetur,</span> <span class='ocrx_word' id='word_1_363' title='bbox 1073 3944 1217 4010; x_wconf 86' lang='lat' dir='ltr'>ultimam</span> <span class='ocrx_word' id='word_1_364' title='bbox 1240 3948 1367 4013; x_wconf 86' lang='lat' dir='ltr'>literam</span> <span class='ocrx_word' id='word_1_365' title='bbox 1392 3951 1481 4015; x_wconf 79' lang='lat' dir='ltr'>uocis</span> <span class='ocrx_word' id='word_1_366' title='bbox 1505 3954 1669 4020; x_wconf 83' lang='lat' dir='ltr'>deiectum</span> <span class='ocrx_word' id='word_1_367' title='bbox 1691 3981 1710 4022; x_wconf 88' lang='lat' dir='ltr'>e</span> <span class='ocrx_word' id='word_1_368' title='bbox 1731 3960 1836 4045; x_wconf 87' lang='lat' dir='ltr'>prima</span> <span class='ocrx_word' id='word_1_369' title='bbox 1867 3969 2037 4050; x_wconf 86' lang='lat' dir='ltr'>sequentis</span> <span class='ocrx_word' id='word_1_370' title='bbox 2067 3984 2111 4038; x_wconf 70' lang='lat' dir='ltr'>to.</span> 
     </span>
     <span class='ocr_line' id='line_1_33' title="bbox 502 4042 2111 4142; baseline 0.012 -27"><span class='ocrx_word' id='word_1_371' title='bbox 502 4067 589 4110; x_wconf 79' lang='lat' dir='ltr'>mere</span> <span class='ocrx_word' id='word_1_372' title='bbox 610 4042 783 4131; x_wconf 77' lang='lat' dir='ltr'>repetitam</span> <span class='ocrx_word' id='word_1_373' title='bbox 797 4045 911 4106; x_wconf 82' lang='lat' dir='ltr'>esse.“</span> <span class='ocrx_word' id='word_1_374' title='bbox 956 4042 1116 4108; x_wconf 87' lang='lat' dir='ltr'>Similiter</span> <span class='ocrx_word' id='word_1_375' title='bbox 1130 4045 1261 4127; x_wconf 85' lang='lat' dir='ltr'>XLlll,</span> <span class='ocrx_word' id='word_1_376' title='bbox 1278 4051 1327 4112; x_wconf 87' lang='grc'>14.</span> <span class='ocrx_word' id='word_1_377' title='bbox 1344 4055 1540 4120; x_wconf 86' lang='lat' dir='ltr'>eontrarium</span> <span class='ocrx_word' id='word_1_378' title='bbox 1557 4057 1681 4121; x_wconf 90' lang='lat' dir='ltr'>librarii</span> <span class='ocrx_word' id='word_1_379' title='bbox 1700 4061 1852 4125; x_wconf 89' lang='lat' dir='ltr'>mendum</span> <span class='ocrx_word' id='word_1_380' title='bbox 1869 4063 1914 4129; x_wconf 85' lang='lat' dir='ltr'>ita</span> <span class='ocrx_word' id='word_1_381' title='bbox 1930 4068 2111 4142; x_wconf 84' lang='lat' dir='ltr'>tollendum</span> 
     </span>
    </p>
   </div>
   <div class='ocr_carea' id='block_1_5' title="bbox 502 4146 2111 4465">
    <p class='ocr_par' dir='ltr' id='par_1_5' title="bbox 502 4146 2111 4465">
     <span class='ocr_line' id='line_1_34' title="bbox 502 4146 2110 4264; baseline 0.021 -53"><span class='ocrx_word' id='word_1_382' title='bbox 502 4157 566 4226; x_wconf 82' lang='lat' dir='ltr'>ert,</span> <span class='ocrx_word' id='word_1_383' title='bbox 591 4157 627 4208; x_wconf 92' lang='lat' dir='ltr'>ut</span> <span class='ocrx_word' id='word_1_384' title='bbox 650 4149 765 4233; x_wconf 89' lang='lat' dir='ltr'>proin</span> <span class='ocrx_word' id='word_1_385' title='bbox 791 4146 919 4212; x_wconf 82' lang='lat' dir='ltr'>deiectu</span> <span class='ocrx_word' id='word_1_386' title='bbox 939 4149 1091 4233; x_wconf 81' lang='lat' dir='ltr'>prodibis</span> <span class='ocrx_word' id='word_1_387' title='bbox 1114 4151 1236 4214; x_wconf 84' lang='lat' dir='ltr'>rectius</span> <span class='ocrx_word' id='word_1_388' title='bbox 1260 4153 1294 4215; x_wconf 87' lang='lat' dir='ltr'>iu</span> <span class='ocrx_word' id='word_1_389' title='bbox 1310 4153 1469 4221; x_wconf 83' lang='lat' dir='ltr'>deiectum</span> <span class='ocrx_word' id='word_1_390' title='bbox 1490 4160 1641 4245; x_wconf 83' lang='lat' dir='ltr'>prodibis</span> <span class='ocrx_word' id='word_1_391' title='bbox 1657 4175 1843 4249; x_wconf 84' lang='lat' dir='ltr'>reponatur.</span> <span class='ocrx_word' id='word_1_392' title='bbox 1857 4203 1896 4216; x_wconf 90' lang='lat'>·-</span> <span class='ocrx_word' id='word_1_393' title='bbox 1914 4174 2110 4264; x_wconf 84' lang='lat' dir='ltr'>transibunt]</span> 
     </span>
     <span class='ocr_line' id='line_1_35' title="bbox 503 4249 2111 4364; baseline 0.017 -48"><span class='ocrx_word' id='word_1_394' title='bbox 503 4249 674 4337; x_wconf 79' lang='lat' dir='ltr'>Grynaeus</span> <span class='ocrx_word' id='word_1_395' title='bbox 697 4273 737 4312; x_wconf 80' lang='lat' dir='ltr'>ox</span> <span class='ocrx_word' id='word_1_396' title='bbox 760 4251 886 4336; x_wconf 86' lang='lat' dir='ltr'>codice,</span> <span class='ocrx_word' id='word_1_397' title='bbox 914 4266 949 4319; x_wconf 92' lang='lat' dir='ltr'>ut</span> <span class='ocrx_word' id='word_1_398' title='bbox 972 4253 1103 4342; x_wconf 86' lang='lat' dir='ltr'>opinor,</span> <span class='ocrx_word' id='word_1_399' title='bbox 1133 4255 1343 4322; x_wconf 81' lang='lat' dir='ltr'>transiebant</span> <span class='ocrx_word' id='word_1_400' title='bbox 1363 4258 1478 4340; x_wconf 88' lang='lat' dir='ltr'>edidit,</span> <span class='ocrx_word' id='word_1_401' title='bbox 1501 4261 1589 4346; x_wconf 91' lang='lat' dir='ltr'>quod</span> <span class='ocrx_word' id='word_1_402' title='bbox 1614 4263 1689 4328; x_wconf 83' lang='lat' dir='ltr'>lcrri</span> <span class='ocrx_word' id='word_1_403' title='bbox 1712 4266 1839 4353; x_wconf 88' lang='lat' dir='ltr'>nequit.</span> <span class='ocrx_word' id='word_1_404' title='bbox 1879 4269 1980 4338; x_wconf 89' lang='lat' dir='ltr'>Curio</span> <span class='ocrx_word' id='word_1_405' title='bbox 2003 4277 2111 4364; x_wconf 81' lang='lat' dir='ltr'>vulga·</span> 
     </span>
     <span class='ocr_line' id='line_1_36' title="bbox 503 4351 2111 4465; baseline 0.02 -48"><span class='ocrx_word' id='word_1_406' title='bbox 503 4365 571 4418; x_wconf 85' lang='lat' dir='ltr'>turn</span> <span class='ocrx_word' id='word_1_407' title='bbox 595 4363 682 4416; x_wconf 90' lang='lat' dir='ltr'>recte</span> <span class='ocrx_word' id='word_1_408' title='bbox 706 4351 889 4416; x_wconf 88' lang='lat' dir='ltr'>substituit.</span> <span class='ocrx_word' id='word_1_409' title='bbox 921 4354 998 4418; x_wconf 84' lang='lat' dir='ltr'>Vid.</span> <span class='ocrx_word' id='word_1_410' title='bbox 1024 4358 1202 4448; x_wconf 42' lang='lat' dir='ltr'>Anuotatt..</span> <span class='ocrx_word' id='word_1_411' title='bbox 1224 4360 1265 4423; x_wconf 86' lang='lat' dir='ltr'>ad</span> <span class='ocrx_word' id='word_1_412' title='bbox 1289 4361 1362 4426; x_wconf 86' lang='lat' dir='ltr'>Liv.</span> <span class='ocrx_word' id='word_1_413' title='bbox 1387 4363 1557 4449; x_wconf 88' lang='lat' dir='ltr'>XXXlll‚</span> <span class='ocrx_word' id='word_1_414' title='bbox 1581 4367 1633 4434; x_wconf 82' lang='lat'>20.</span> <span class='ocrx_word' id='word_1_415' title='bbox 1665 4392 1699 4457; x_wconf 87' lang='lat' dir='ltr'>p.</span> <span class='ocrx_word' id='word_1_416' title='bbox 1722 4370 1775 4436; x_wconf 89' lang='grc'>48.</span> <span class='ocrx_word' id='word_1_417' title='bbox 1791 4407 1830 4420; x_wconf 93' lang='grc'><strong>-</strong></span> <span class='ocrx_word' id='word_1_418' title='bbox 1847 4387 1892 4456; x_wconf 87' lang='lat' dir='ltr'>ct,</span> <span class='ocrx_word' id='word_1_419' title='bbox 1916 4379 1946 4442; x_wconf 87' lang='lat' dir='ltr'>si</span> <span class='ocrx_word' id='word_1_420' title='bbox 1968 4380 2042 4465; x_wconf 90' lang='lat' dir='ltr'>quis</span> <span class='ocrx_word' id='word_1_421' title='bbox 2066 4384 2111 4450; x_wconf 85' lang='lat' dir='ltr'>ita</span> 
     </span>
    </p>
   </div>
   <div class='ocr_carea' id='block_1_6' title="bbox 450 4457 2194 4763">
    <p class='ocr_par' dir='ltr' id='par_1_6' title="bbox 450 4457 2194 4763">
     <span class='ocr_line' id='line_1_37' title="bbox 450 4457 2194 4562; baseline 0.02 -47"><span class='ocrx_word' id='word_1_422' title='bbox 450 4505 452 4515; x_wconf 87' lang='grc'>,</span> <span class='ocrx_word' id='word_1_423' title='bbox 504 4459 585 4522; x_wconf 86' lang='lat' dir='ltr'>civis</span> <span class='ocrx_word' id='word_1_424' title='bbox 609 4457 779 4522; x_wconf 84' lang='lat' dir='ltr'>Romanus</span> <span class='ocrx_word' id='word_1_425' title='bbox 804 4457 909 4522; x_wconf 85' lang='lat' dir='ltr'>lactus</span> <span class='ocrx_word' id='word_1_426' title='bbox 938 4463 1044 4546; x_wconf 86' lang='lat' dir='ltr'>esset]</span> <span class='ocrx_word' id='word_1_427' title='bbox 1073 4462 1233 4548; x_wconf 73' lang='lat' dir='ltr'>Sigonius</span> <span class='ocrx_word' id='word_1_428' title='bbox 1261 4466 1388 4532; x_wconf 89' lang='lat' dir='ltr'>addidit</span> <span class='ocrx_word' id='word_1_429' title='bbox 1419 4472 1501 4535; x_wconf 85' lang='lat' dir='ltr'>ciuis</span> <span class='ocrx_word' id='word_1_430' title='bbox 1527 4495 1593 4536; x_wconf 84' lang='lat' dir='ltr'>nou</span> <span class='ocrx_word' id='word_1_431' title='bbox 1617 4482 1722 4556; x_wconf 85' lang='lat' dir='ltr'>esset,</span> <span class='ocrx_word' id='word_1_432' title='bbox 1753 4474 1929 4542; x_wconf 87' lang='lat' dir='ltr'>Douiotios</span> <span class='ocrx_word' id='word_1_433' title='bbox 1960 4483 2039 4548; x_wconf 87' lang='lat' dir='ltr'>civis</span> <span class='ocrx_word' id='word_1_434' title='bbox 2069 4509 2111 4558; x_wconf 77' lang='lat' dir='ltr'>uc</span> <span class='ocrx_word' id='word_1_435' title='bbox 2186 4553 2194 4562; x_wconf 66' lang='grc'><strong>,</strong></span> 
     </span>
     <span class='ocr_line' id='line_1_38' title="bbox 503 4559 2111 4675; baseline 0.017 -48"><span class='ocrx_word' id='word_1_436' title='bbox 503 4571 599 4642; x_wconf 81' lang='lat' dir='ltr'>essct,</span> <span class='ocrx_word' id='word_1_437' title='bbox 624 4559 713 4646; x_wconf 86' lang='lat' dir='ltr'>quod</span> <span class='ocrx_word' id='word_1_438' title='bbox 737 4561 831 4626; x_wconf 91' lang='lat' dir='ltr'>uncis</span> <span class='ocrx_word' id='word_1_439' title='bbox 855 4561 1019 4627; x_wconf 85' lang='lat' dir='ltr'>inclusum</span> <span class='ocrx_word' id='word_1_440' title='bbox 1047 4588 1119 4629; x_wconf 90' lang='lat' dir='ltr'>curn</span> <span class='ocrx_word' id='word_1_441' title='bbox 1144 4564 1324 4651; x_wconf 83' lang='lat' dir='ltr'>Crevierio,</span> <span class='ocrx_word' id='word_1_442' title='bbox 1348 4571 1563 4638; x_wconf 88' lang='lat' dir='ltr'>Lallemando</span> <span class='ocrx_word' id='word_1_443' title='bbox 1585 4587 1619 4638; x_wconf 91' lang='lat' dir='ltr'>et</span> <span class='ocrx_word' id='word_1_444' title='bbox 1640 4575 1823 4666; x_wconf 87' lang='lat' dir='ltr'>Doeriogio</span> <span class='ocrx_word' id='word_1_445' title='bbox 1846 4579 2111 4675; x_wconf 26' lang='lat' dir='ltr'>adieci,xartipu·</span> 
     </span>
     <span class='ocr_line' id='line_1_39' title="bbox 501 4663 2111 4763; baseline 0.017 -33"><span class='ocrx_word' id='word_1_446' title='bbox 501 4665 590 4730; x_wconf 80' lang='lat' dir='ltr'>lente</span> <span class='ocrx_word' id='word_1_447' title='bbox 614 4663 782 4747; x_wconf 81' lang='lat' dir='ltr'>Beklrero,</span> <span class='ocrx_word' id='word_1_448' title='bbox 812 4665 869 4752; x_wconf 89' lang='lat' dir='ltr'>qui</span> <span class='ocrx_word' id='word_1_449' title='bbox 892 4665 954 4732; x_wconf 90' lang='lat' dir='ltr'>boc</span> <span class='ocrx_word' id='word_1_450' title='bbox 980 4669 1246 4756; x_wconf 86' lang='lat' dir='ltr'>supplementum</span> <span class='ocrx_word' id='word_1_451' title='bbox 1269 4696 1440 4763; x_wconf 87' lang='lat' dir='ltr'>perperam</span> <span class='ocrx_word' id='word_1_452' title='bbox 1461 4675 1599 4762; x_wconf 89' lang='lat' dir='ltr'>Sigonio</span> <span class='ocrx_word' id='word_1_453' title='bbox 1619 4679 1746 4746; x_wconf 88' lang='lat' dir='ltr'>tribuit.</span> <span class='ocrx_word' id='word_1_454' title='bbox 1791 4681 1970 4752; x_wconf 85' lang='lat' dir='ltr'>Welebius</span> <span class='ocrx_word' id='word_1_455' title='bbox 1994 4687 2111 4756; x_wconf 82' lang='lat' dir='ltr'>Euroo·</span> 
     </span>
    </p>
   </div>
   <div class='ocr_carea' id='block_1_7' title="bbox 0 0 2400 5988">
    <p class='ocr_par' dir='ltr' id='par_1_7' title="bbox 0 0 2400 5988">
     <span class='ocr_line' id='line_1_40' title="bbox 0 0 2400 5988; baseline 0 0"><span class='ocrx_word' id='word_1_456' title='bbox 0 0 2400 5988; x_wconf 95' lang='lat' dir='ltr'> </span> 
     </span>
    </p>
   </div>
  </div>
 </body>
</html>
