4814 5970
507 888 656 958 mihimet
686 885 751 978 ipsi
783 885 929 975 undiquc
956 885 1087 975 plaeere
1113 905 1179 950 uon
1213 881 1373 965 dixerim,
1402 863 1840 951 Weissenhotniosdjectt.
1870 887 1944 953 hir.
1977 883 2070 956 Part.
2099 889 2139 957 Is·

507 1019 543 1085 p.
558 991 612 1058 25.
637 991 681 1057 ita
703 987 877 1057 refutarita
904 985 1038 1075 „Illyrii
1060 989 1100 1053 ah
1125 989 1157 1053 h.
1181 987 1204 1053 l.
1228 1009 1386 1076 perquam
1411 985 1511 1049 alieni
1533 997 1622 1082 sont,
1646 999 1822 1078 propterea
1844 989 1936 1081 quod
1954 991 2043 1062 Galli
2065 995 2139 1063 iarn*

506 1109 678 1192 peragrata
701 1094 812 1182 Illyria
835 1093 877 1158 ad
899 1091 1121 1171 Desudabam,
1146 1089 1315 1157 Maedicae
1339 1089 1510 1178 oppidum,
1535 1103 1641 1156 caetra
1665 1093 1798 1177 hahent,
1823 1109 1857 1161 et
1879 1097 1956 1162 inde
1977 1100 2010 1164 in
2034 1078 2139 1168 Pela-l

506 1204 640 1293 goniam
662 1194 831 1265 transituri
855 1194 1001 1282 lllyriam
1023 1219 1064 1260 ne
1086 1194 1252 1280 attingunt
1272 1191 1427 1279 quidem
1449 1204 1482 1258 et
1503 1193 1594 1281 quod
1617 1195 1760 1262 Perseus
1784 1199 1884 1285 paulo
1910 1213 1984 1268 ante
2008 1203 2137 1273 dieitur'

509 1305 724 1374 denuntiasse
745 1325 804 1391 per
826 1301 917 1366 door
941 1299 1105 1388 urbesque
1135 1303 1219 1384 quac
1248 1296 1320 1364 riae
1347 1296 1557 1384 propinquae
1584 1311 1697 1385 errat,
1728 1303 1835 1389 igitur
1862 1326 1923 1391 per
1951 1307 2127 1395 Paeonias,

510 1427 548 1479 ut
566 1419 767 1479 commeatus
789 1404 995 1494 expedirent.
1044 1400 1191 1467 'l'antom
1220 1401 1321 1488 igitur
1348 1400 1462 1482 rhest,
1491 1413 1528 1468 nt
1556 1401 1664 1490 tttpti
1692 1427 1751 1471 eos
1781 1407 1969 1492 attulerint,
1999 1421 2035 1476 ut
2061 1409 2140 1500 ipsi.

509 1517 723 1596 Macedones,
739 1508 917 1578 Paeoniam
933 1505 1128 1587 incolentes,
1150 1525 1344 1593 praeparare
1365 1506 1474 1570 omnia
1496 1506 1690 1575 iubeantur.
1730 1511 1862 1578 Deinde
1884 1513 2005 1580 vellem
2020 1515 2065 1580 V.
2083 1514 2128 1582 o.
2153 1517 2155 1520 ’

510 1621 585 1690 aliis
607 1619 691 1686 loeis
711 1616 804 1706 ferre
829 1636 888 1702 pro
910 1613 1034 1702 afferre
1057 1608 1122 1674 dici
1142 1607 1329 1698 probasset.
1355 1609 1425 1694 [CI.
1455 1608 1530 1676 Lir.
1560 1609 1719 1680 XXXIX
1728 1663 1739 1699 ,
1772 1614 1823 1680 50.
1855 1620 2044 1710 missusque
2070 1619 2129 1713 qui

509 1742 675 1791 uenenum
687 1717 808 1804 ferret,
825 1716 861 1784 id
875 1727 926 1780 cst
939 1715 1090 1804 offerret,
1115 1725 1149 1806 et
1162 1713 1247 1778 Plat.
1263 1711 1388 1778 Phaed.
1405 1737 1476 1802 cap.
1494 1712 1549 1796 66,
1565 1713 1600 1782 ἐν
1615 1713 1724 1782 κύλικι
1740 1719 1887 1806 φέροντα
1903 1723 2129 1810 τετριμμένον,

510 1850 559 1894 se.
582 1828 620 1892 τὸ
643 1819 832 1912 φάρμακον,
856 1817 977 1906 quihus
1000 1816 1081 1882 locis
1104 1816 1188 1880 adde
1212 1815 1327 1882 Horat.
1357 1815 1427 1882 Sat.
1459 1817 1506 1901 ll,
1529 1818 1563 1902 7,
1595 1818 1647 1882 34.
1673 1821 1774 1886 0rid.
1806 1822 1898 1888 Fast.
1929 1825 1957 1906 I,
1987 1823 2066 1890 403.
2097 1831 2134 1888 ct

509 1926 634 1996 Vellei.
658 1925 733 1992 Pat.
767 1923 813 2005 ll,
841 1923 895 1988 27.
928 1921 1090 1988 Similiter
1111 1917 1308 1999 Lim-XXI,
1336 1917 1386 1984 18.
1410 1932 1564 2008 portare,
1594 1923 1649 1988 eni
1679 1923 1799 2012 Polyb.
1833 1927 1897 2008 ΙΙΙ,
1928 1927 1982 2018 33.
2013 1928 2130 2016 φέρειν

509 2028 702 2119 respondet,
726 2038 763 2092 ut
782 2024 941 2114 Xenoph.
960 2023 1144 2114 Cynopaed.
1170 2023 1234 2105 Ill,
1259 2020 1347 2104 3,2.
1373 2021 1533 2108 κομίζειν,
1557 2049 1618 2114 pro
1641 2040 1822 2116 apportare
1842 2031 2006 2121 punitum]
2029 2028 2131 2118 Equi·

511 2137 585 2206 dena
615 2130 737 2200 dohius
759 2131 899 2214 haereo,
928 2139 1037 2196 utrum
1062 2137 1153 2194 recte
1175 2125 1349 2214 Grynaeus
1369 2129 1576 2196 multitudini
1597 2132 1782 2220 scripserit,
1805 2155 1889 2222 quae
1911 2131 2008 2200 etiam
2032 2131 2135 2222 paolo

511 2255 587 2314 aute
610 2242 793 2332 opponitur
813 2234 1037 2328 principibus,
1058 2259 1104 2300 ao
1131 2234 1307 2322 legendum
1340 2234 1401 2300 sit:
1434 2245 1597 2328 quantam
1619 2271 1659 2283 -
1680 2247 1917 2324 praeparatam
1938 2273 1981 2287 -
2003 2239 2131 2324 copiam

513 2351 568 2434 (ot
587 2346 663 2412 cod.
689 2342 801 2427 hahet)
825 2343 996 2408 inventuri
1014 2339 1140 2428 forent.
1164 2337 1219 2430 CI.
1243 2337 1373 2418 XLIV,
1396 2337 1428 2403 7.
1454 2349 1536 2404 extr.
1560 2336 1760 2419 XXXVII,
1783 2339 1814 2402 7.
1839 2341 1911 2404 Per
1931 2340 2021 2404 oium
2042 2349 2131 2404 recte

510 2449 632 2515 hahere
655 2444 795 2511 ridetur.
827 2441 879 2507 CI.
903 2438 934 2530 5.
962 2442 994 2504 5.
1024 2438 1143 2520 XXV,
1172 2440 1205 2520 8,
1234 2439 1268 2505 9.
1299 2439 1452 2520 XXVII,
1484 2441 1538 2523 43,
1574 2441 1622 2505 t0.
1653 2440 1747 2506 ull.“
1779 2441 1853 2508 Hoc
1884 2441 1916 2508 in
1942 2466 2007 2530 per
2033 2465 2131 2538 quesn

512 2552 648 2635 abiisse,
671 2548 752 2616 mihi
770 2544 962 2636 persuaderi
988 2565 1053 2610 non
1077 2541 1195 2631 patiar.
1220 2543 1288 2610 Pro
1311 2547 1411 2612 intuli
1430 2547 1545 2635 forent
1568 2546 1646 2612 olim
1669 2547 1798 2614 incolae
1818 2549 1948 2638 [errent
1968 2549 2130 2638 reposito-

510 2678 569 2732 ros
591 2680 690 2722 eram.
714 2649 834 2742 Neque
856 2665 966 2716 tamen
990 2671 1089 2742 nego,
1113 2645 1211 2711 verba
1234 2653 1332 2739 copia
1359 2651 1569 2717 multitudini
1598 2651 1631 2716 in
1664 2655 1793 2740 copiam
1823 2654 1923 2718 intuli
1950 2677 1968 2718 a
1997 2651 2130 2730 Iihrrrio

511 2756 678 2847 eorrumpi
696 2755 864 2846 potuisse.
885 2789 927 2803 -
953 2762 1004 2817 sat
1026 2753 1117 2835 esse]
1140 2747 1221 2818 cod.
1243 2762 1378 2840 sotisac,
1401 2756 1456 2821 eui
1475 2759 1560 2824 rotis
1582 2782 1654 2824 esse
1675 2757 1845 2824 substitui.
1866 2757 1941 2826 BC.
1963 2759 2006 2826 Β.
2051 2755 2131 2824 Vid.⁴

510 2881 596 2954 quae
615 2858 656 2924 ad
676 2853 773 2936 XLI,
798 2853 848 2917 Ιο.
873 2849 1039 2916 annotavi.

595 3008 679 3096 Cap.
701 3003 855 3072 XXVII.
879 2999 1074 3089 Adparrhat
1095 2999 1131 3064 in
1152 2999 1321 3084 omnihus]
1346 2997 1451 3068 lleete
1473 3001 1765 3070 Drakenborehius
1786 3029 1853 3073 non
1874 3009 1935 3089 ita,
1952 3019 1988 3074 nt
2004 3008 2134 3097 Ilopers

510 3113 580 3179 tier
603 3109 686 3177 Ialso
708 3107 872 3197 perhibet,
896 3104 954 3170 sed
978 3105 1056 3172 iude
1076 3125 1137 3192 pro
1157 3105 1206 3184 in,
1230 3101 1318 3191 quod
1343 3101 1546 3194 Docriopios
1570 3119 1605 3173 et
1630 3107 1801 3177 ficklerus
1831 3108 1970 3176 aliorum
1998 3110 2166 3180 arhitstio'

512 3209 965 3302 maimonem-anton
988 3231 1063 3277 esre
1083 3209 1225 3276 remit.
1249 3207 1323 3274 BG.
1346 3241 1390 3260 --
1406 3222 1620 3274 contemnere
1642 3211 1885 3283 multitudinem
1913 3213 2025 3292 aliam]
2048 3215 2133 3286 Cod.

510 3346 580 3388 non
603 3330 748 3385 temnere
768 3315 1014 3382 multitudinem
1035 3314 1118 3395 olio,
1141 3311 1236 3382 litera
1258 3333 1292 3374 ru
1313 3307 1346 3372 iu
1369 3311 1471 3376 verho
1492 3321 1636 3376 tenauere
1660 3326 1783 3404 puncto
1806 3314 2066 3406 superimposito
2086 3319 2134 3391 iar
2253 3389 2257 3396 ,

513 3426 622 3492 pm·
664 3423 839 3489 {jhm-12„
861 3421 976 3510 igitur,
1000 3419 1034 3483 id
1058 3417 1150 3506 qood
1171 3415 1342 3502 Grynacus
1365 3433 1432 3476 noo
1456 3412 1551 3496 vidit,
1573 3413 1679 3480 voluit
1699 3414 1764 3502 legi
1789 3441 1858 3482 non
1884 3429 2007 3500 teum,
2041 3427 2132 3513 quod

510 3528 646 3618 vulgato
670 3538 877 3595 contemnere
897 3523 985 3619 haud
1007 3521 1107 3586 duhie
1129 3529 1284 3610 praestat.
1307 3518 1383 3585 Bc.
1406 3520 1449 3585 Β.
1495 3519 1552 3586 Sic
1583 3519 1705 3610 Virgil.
1730 3527 1819 3591 Aen.
1838 3526 1899 3610 IV,
1914 3530 1988 3598 380.
2011 3537 2133 3631 Neque

512 3640 544 3700 ι,
572 3641 679 3712 tmen,
708 3652 816 3721 neque
845 3629 936 3692 dicto
963 3622 1095 3713 refello.
1121 3658 1159 3671 -
1183 3619 1402 3687 Perrhaebiae
1430 3623 1548 3689 saltum
1576 3625 1609 3690 in
1632 3625 1839 3696 Thessaliam
1869 3633 2032 3722 traducta]
2054 3639 2132 3708 Non

510 3735 610 3820 male,
634 3735 768 3823 opinor,
790 3733 872 3796 Ant.
897 3722 1100 3793 Perizonius
1122 3733 1202 3812 post
1223 3719 1420 3804 Gruterum,
1451 3748 1552 3812 quoni
1583 3751 1704 3794 monus
1732 3753 1800 3794 nou
1826 3731 2022 3824 simpliciter
2049 3743 2133 3810 Per·

511 3838 673 3906 rhoedias
694 3835 815 3901 sultam
836 3833 993 3901 traducta
1023 3829 1163 3912 dicator,
1184 3826 1243 3892 sed
1272 3829 1306 3892 in
1330 3825 1538 3892 Thessaliam
1559 3827 1746 3916 adiiciam,
1768 3839 2047 3927 praepositionem
2067 3871 2134 3934 per

512 3941 680 4006 auomine
697 3935 929 4002 Perrhaebiae
951 3934 1167 4022 interceptam
1190 3953 1263 3996 esse
1284 3930 1471 4018 suspicatos
1495 3943 1558 4004 est.
1578 3970 1620 3982 -
1643 3935 1876 4026 subsisterent]
1900 3941 1974 4009 Iloc
1997 3945 2132 4016 verbum

512 4045 704 4134 liopitarius
729 4045 762 4108 io
787 4041 912 4108 eodieis
935 4039 1111 4106 collatione
1135 4038 1301 4102 omiserat.
1325 4071 1365 4086 ·-
1388 4057 1428 4098 cx
1451 4032 1554 4120 victo]
1584 4033 1668 4100 Cod.
1697 4063 1740 4104 ex
1770 4041 1878 4107 edicto
1906 4048 2007 4112 uicto.
2052 4047 2148 4117 Pro·-

512 4161 623 4240 pterea
651 4169 715 4212 uon
739 4171 760 4211 o
788 4167 825 4212 se
845 4147 947 4226 nicto,
971 4140 1060 4230 (prend
1086 4139 1267 4224 llocringio
1291 4137 1426 4226 placuit,
1450 4137 1509 4202 scd
1529 4162 1625 4204 exse
1645 4143 1732 4206 victo
1764 4143 1864 4209 edidi.
1888 4149 1963 4215 Bc.
1986 4153 2030 4218 Β.
2076 4155 2132 4222 Li.

513 4249 642 4314 hrrrius
665 4245 766 4324 enim,
790 4245 883 4309 litera
905 4268 922 4310 s
945 4241 1080 4322 omissa,
1104 4241 1244 4330 priomm
1269 4264 1328 4330 pro
1352 4243 1437 4304 uicto
1461 4262 1630 4328 perperam
1654 4243 1743 4309 dicto
1766 4246 1953 4340 scripserat.
2003 4307 2008 4318 .

598 4401 682 4488 Cap.
703 4395 873 4462 XXVIII.
897 4417 1030 4484 sparsae
1051 4417 1110 4482 par
1130 4393 1291 4480 Cycladas
1313 4393 1443 4458 insulas
1462 4395 1577 4479 namo]
1600 4394 1677 4460 Non
1698 4401 1824 4486 aperui,
1841 4403 1931 4490 qood
1944 4407 2132 4480 Crevieriat

513 4503 632 4584 suasit,
656 4499 715 4565 sed
737 4519 890 4590 sparsos,
911 4497 1002 4587 qaod
1026 4497 1296 4563 Drshenhorchiu
1318 4495 1457 4586 placuit,
1479 4496 1705 4584 recipiendum
1729 4505 1854 4590 putari.
1877 4509 1952 4574 BC.
1967 4500 2131 4583 -ioriis

512 4605 612 4690 latas]
631 4603 715 4668 Gad.
740 4603 937 4670 inuiolatas.
985 4599 1087 4666 Immo
1110 4599 1300 4682 inviolator,
1315 4597 1406 4688 qood
1429 4598 1561 4685 culpato
1582 4601 1848 4676 rahstitreudun
1871 4631 1945 4676 erse
1967 4614 2132 4686 irretiat

512 4710 631 4776 nonus
655 4703 778 4769 docuit.
803 4701 878 4769 BG.
901 4705 945 4768 Β.
971 4698 1202 4766 Iullemandos
1224 4699 1482 4789 ct'ltoeringias
1505 4704 1568 4770 iasa
1592 4717 1667 4772 ante
1683 4731 1746 4774 nos
1768 4727 1975 4799 receperunt.
1998 4755 2037 4770 -
2060 4721 2131 4814 Hp

513 4810 679 4904 propagas]
701 4808 784 4874 Cod.
806 4817 839 4872 et
854 4807 955 4873 orat.
978 4805 1008 4870 t.
1031 4804 1248 4895 Ιιῖψςοςνο,
1270 4805 1362 4892 qaod
1378 4805 1746 4897 Ilehlrerusrereearit,
1761 4821 2157 4896 serrataterminatioue-
