4770 5994
470 659 521 730 tt

426 835 432 983 Ι
469 843 540 886 rum
564 832 597 884 11
617 817 794 904 iutegrems
819 818 927 883 altero
950 815 1120 898 irumerus3
1141 818 1336 910 sopitusque
1359 823 1538 889 exsemine
1557 821 1700 908 procliui
1721 825 1793 888 ruit
1814 825 1849 890 iu
1870 823 2008 906 declive,
2029 823 2084 888 sb·

473 926 572 991 ditum
596 926 711 1000 lutere,
735 923 918 988 certissima
942 919 1127 986 coniectore
1149 923 1316 1012 perspexi.
1339 923 1414 990 BC.
1435 928 1478 991 B.
1525 925 1691 992 Eumenes
1714 926 1801 990 enim
1824 926 1968 1009 rectius,
1991 949 2088 1016 quern

428 992 432 1115 i
474 1027 545 1093 eius
575 1029 749 1110 humerus,
774 1028 840 1092 ictu
870 1025 999 1116 sopitus
1034 1047 1107 1090 csse
1136 1025 1267 1092 dieitur.
1313 1025 1370 1092 Sic
1394 1025 1509 1092 Liuius
1537 1028 1633 1092 etium
1665 1027 1750 1094 infru
1773 1053 1844 1116 cup.
1873 1028 1923 1094 lb.
1946 1027 2087 1093 eunden

424 1120 431 1234 I
471 1137 613 1222 sopitum
642 1157 683 1200 ne
711 1132 796 1197 rsibit
825 1135 1020 1199 sentientem
1049 1131 1144 1196 dixit.
1188 1131 1288 1196 Adde
1311 1130 1338 1212 I,
1368 1131 1421 1196 11.
1452 1135 1593 1218 sopitum
1621 1133 1726 1218 tuisse
1749 1155 1860 1220 repens
1879 1130 1984 1196 subito
2007 1133 2088 1212 ictu,

473 1250 504 1304 et
527 1235 627 1320 VIII,
650 1237 682 1300 6.
708 1241 868 1322 inspectus
892 1239 955 1299 imo
979 1237 1026 1300 itu
1049 1246 1099 1300 est
1120 1259 1218 1318 saxo,
1241 1249 1281 1302 ut
1301 1240 1479 1326 sopiretur.
1526 1237 1609 1304 Rern
1633 1237 1766 1304 conficit
1788 1238 2009 1324 Plutarchus,
2030 1237 2088 1326 qui

474 1342 583 1408 vorbis
606 1341 717 1428 pquIo
740 1352 814 1406 unte
832 1340 1008 1426 adseriptIs
1031 1341 1111 1406 beer
1125 1341 1316 1407 subiunxite
1338 1339 1507 1426 γενόμενοι
1522 1337 1551 1408 d’
1565 1335 1710 1408 insuber
1726 1337 1829 1408 αὐτοῦ
1844 1339 1966 1420 λίθους
1985 1335 2087 1428 μεγά-

472 1445 552 1522 λους
574 1443 796 1528 ἐμβάλλουσιν
813 1441 860 1522 εἴς
881 1443 1152 1534 cendemnatis
1174 1445 1300 1512 unieris
1321 1440 1493 1534 τράχηλον,
1509 1440 1565 1532 ὑφ’
1578 1431 1624 1511 ὦν
1647 1443 1888 1524 σκοτωθεὶς
1910 1439 2089 1532 1111111σώ1

472 1543 568 1628 ἔδοξε
590 1549 760 1614 cedrinus.
804 1547 874 1612 AIii
894 1548 1000 1638 aliter,
1023 1549 1081 1613 sed
1106 1550 1237 1633 trustra,
1258 1553 1347 1618 bunc
1368 1551 1491 1632 iocum,
1513 1552 1554 1617 de
1578 1551 1671 1618 euius
1692 1551 1888 1640 integritate*
1903 1547 2090 1631 Gronovius

475 1651 663 1718 Observntt.
686 1654 746 1732 IV,
769 1653 801 1718 8.
826 1679 860 1742 p.
884 1653 958 1720 (505.
984 1679 1049 1719 nnn
1080 1654 1259 1740 dubitavit,
1280 1659 1452 1724 emendare
1475 1661 1685 1726 studuerunt.
1717 1695 1756 1708 -
1783 1668 1971 1724 constanter
1998 1655 2088 1740 inpa-

476 1757 587 1843 vidus]
608 1757 691 1822 cod.
715 1769 849 1824 eorunm
871 1759 1061 1844 inpossidus.
1106 1757 1195 1824 Num
1223 1769 1359 1825 curretur·
1388 1760 1421 1824 in
1451 1773 1567 1826 curstru
1591 1760 1794 1844 mutandum,
1818 1783 1858 1823 un
1883 1767 2039 1824 constans
2058 1763 2089 1818 et

475 1865 660 1953 impauidus
687 1863 924 1928 scribendum?
965 1861 1032 1926 Sed
1056 1861 1197 1926 Ovidius
1230 1884 1362 1950 quoque
1385 1862 1488 1928 Trist.
1515 1863 1578 1943 III,
1602 1863 1642 1945 2,
1665 1862 1718 1928 27.
1751 1864 1830 1930 deos
1855 1865 1992 1928 nimium
2015 1881 2088 1952 cors·

475 1979 604 2034 stanter·
624 1971 757 2058 issiqssos
780 1966 875 2031 dixit.

561 2117 643 2208 Cep.
673 2117 771 2183 XVI.
805 2116 1002 2201 circumitu]
1032 2117 1105 2182 Iioe
1135 2120 1168 2180 in
1201 2117 1314 2183 codice
1340 2116 1473 2204 iegitur.
1527 2119 1593 2186 Sed
1626 2143 1724 2206 supro
1752 2141 1825 2204 cap.
1858 2118 1908 2181 15.
1934 2115 2088 2182 Iibranue

397 2239 399 2246 “
476 2225 588 2314 posuit
610 2226 864 2301 circumerustes,
882 2220 975 2284 Iitern
991 2245 1022 2284 us
1038 2231 1161 2308 puncto
1176 2207 1434 2309 serperimpositu
1449 2224 1593 2289 inductu.
1642 2226 1678 2289 In
1698 2223 1823 2288 minore
1841 2219 1927 2284 Livii
1945 2217 2088 2284 editi0ne

475 2325 598 2391 rectius
621 2327 764 2390 circuitu
782 2324 914 2410 scripsi.
939 2322 1016 2386 Vid.
1051 2323 1245 2389 Schneideri
1276 2326 1421 2392 Grsmm.
1452 2329 1526 2395 Lat.
1552 2329 1644 2394 Part.
1666 2329 1694 2394 I.
1719 2328 1798 2392 Vol.
1821 2325 1869 2392 II.
1892 2350 1926 2414 p.
1949 2321 2023 2388 536.
2046 2357 2087 2372 ·-
2133 2394 2138 2403 ,

476 2453 518 2494 ne
552 2449 744 2516 cornpreuso
777 2425 933 2491 indicium
964 2429 1143 2514 cmouorct]
1170 2428 1254 2491 Cod.
1286 2453 1330 2494 ex
1356 2455 1552 2521 conprenso,
1581 2433 1705 2497 omisso
1726 2457 1781 2513 ue,
1804 2431 1893 2518 quud
1917 2429 2088 2516 Grpnnens

475 2532 614 2600 eddidit.
661 2533 851 2619 Propterea,
876 2555 977 2618 qrrrrm
1002 2557 1193 2621 comprenso
1215 2556 1274 2620 pro
1298 2558 1334 2598 eo
1359 2559 1570 2623 cornpreuso,
1592 2537 1681 2625 quod
1702 2531 2088 2624 Bnnmgnrtenfflrusius,

477 2661 578 2727 quum
599 2648 692 2701 untes
717 2637 802 2701 idern
828 2636 1064 2717 coniecissem,
1089 2659 1246 2724 reponere
1270 2636 1405 2719 meluit,
1425 2637 1491 2704 dici
1512 2654 1673 2726 nequent,
1703 2650 1829 2702 secretu
1852 2637 2013 2724 porticulo
2033 2659 2087 2716 ne,

477 2765 561 2828 quse
586 2741 682 2806 Iociie
706 2739 891 2820 intercidit,
916 2737 1053 2827 scripsit
1084 2764 1127 2805 ne
1149 2763 1192 2804 ex
1210 2763 1424 2828 comprenso,
1448 2739 1481 2805 id
1504 2753 1556 2806 est
1577 2767 1619 2808 ue
1639 2766 1682 2807 ex
1704 2767 1763 2824 eo,
1786 2743 1818 2806 si
1838 2737 2089 2828 eornpreieeude·

477 2859 584 2928 retur,
608 2857 644 2909 ut
661 2843 798 2909 Obstius
820 2843 853 2906 in
878 2841 930 2906 ed.
955 2841 1093 2906 Bekker.
1119 2855 1206 2906 reete
1230 2843 1385 2928 explicet.
1409 2845 1452 2907 Β.
1491 2845 1536 2928 Q
1561 2845 1633 2910 Cic.
1660 2847 1700 2908 de
1721 2846 1818 2934 petit.
1845 2868 1938 2912 cons.
1963 2867 2036 2934 cup.
2054 2843 2087 2908 5.

476 2977 554 3018 uum
582 2949 654 3038 [ere
685 2949 790 3011 omnis
820 2967 929 3010 sermo
959 2945 1005 3008 cui
1031 2944 1199 3034 for-messus
1227 2943 1354 3032 [omum
1381 2971 1402 3008 o
1432 2947 1618 3013 domesticis
1646 2961 1781 3014 emanent
1809 2947 2012 3014 auctoribus.
2048 2985 2089 2998 -

476 3049 640 3138 Adgressi
665 3047 792 3112 incinus
810 3045 1009 3111 Macedones
1033 3083 1071 3096 -
1096 3059 1128 3110 et
1150 3045 1263 3112 timide
1285 3047 1505 3138 reliquerunt]
1522 3049 1630 3116 IIuius
1653 3051 1719 3117 Iuci
1735 3051 1980 3118 distinctionem
1994 3047 2090 3119 Wal-

476 3153 591 3236 cbius,
615 3175 713 3240 quem
737 3163 866 3216 secutus
891 3175 983 3233 sum,
1006 3149 1195 3217 Emendutt.
1216 3147 1291 3216 Lir.
1314 3175 1349 3240 p.
1373 3153 1446 3220 123.
1470 3168 1558 3221 recte
1582 3155 1730 3221 mutnrit.
1753 3155 1828 3222 BC.
1853 3158 1895 3222 Β.
1920 3179 2000 3218 -u
2028 3154 2090 3218 Co·

475 3259 600 3344 riutbn]
629 3257 713 3324 Cod.
738 3258 783 3322 sul
803 3259 977 3340 corinthio,
1003 3258 1091 3348 quod
1113 3281 1153 3323 ex
1177 3255 1217 3322 ob
1242 3257 1402 3324 Corintho
1427 3270 1532 3353 ortum
1555 3283 1629 3324 esse
1651 3272 1797 3348 nppnret.
1823 3262 1866 3326 Β.
1908 3261 1946 3324 In
1968 3259 2088 3324 Boum-

477 3359 716 3450 gnrteuCrusii
738 3360 884 3425 editione
906 3361 1109 3452 praepositio
1129 3385 1188 3451 per
1211 3357 1421 3447 tppogmpbi,
1443 3369 1479 3422 ut
1501 3357 1631 3447 opinor,
1652 3381 1793 3423 errorem
1817 3369 1867 3424 est
1889 3358 2023 3424 omisso.

429 3540 432 3563 ·
562 3514 646 3602 Cup.
677 3512 794 3580 XVII.
826 3513 977 3604 piuriIms
1009 3512 1151 3580 consciis
1181 3513 1374 3599 comprensi.
1408 3522 1525 3574 eventu
1556 3522 1723 3600 praetereo
1752 3510 1877 3578 incerto
1907 3515 1996 3597 esse]
2023 3509 2089 3578 IIic

342 3629 349 3650 ¹
476 3643 608 3709 quoquc
625 3615 800 3686 Wschius
818 3618 1006 3684 Emeodntt.
1029 3617 1104 3682 Liv.
1127 3639 1162 3704 p.
1187 3613 1260 3680 122.
1284 3639 1337 3704 sq.
1361 3615 1536 3680 verborum
1554 3614 1851 3706 interpunctionem
1872 3629 1961 3684 recte
1976 3619 2089 3686 immu-

430 3768 435 3800 ,
473 3723 567 3806 terit,
590 3722 743 3811 idemque
765 3723 828 3790 inm
849 3733 944 3786 entes
967 3718 1154 3786 Crevierius
1177 3731 1210 3786 et
1232 3717 1465 3786 LnIIenrendus
1488 3718 1643 3784 iecerunt.
1666 3715 1741 3784 Bc.
1764 3718 1808 3784 Β.

560 3877 643 3966 Cep.
669 3874 802 3941 xvllt.
827 3872 964 3960 Intigstn
987 3897 1086 3964 serpe
1105 3873 1191 3939 idem
1220 3873 1363 3962 petendo
1384 3866 1515 3960 senatu]
1548 3869 1632 3936 cod.
1656 3868 1809 3963 fatigatis
1829 3895 1908 3960 sepe
1930 3875 2017 3940 idem
2035 3899 2090 3963 pe·

475 3983 571 4050 tendo
592 3989 757 4046 senatum.
805 3975 994 4061 Librarius,
1026 3989 1063 4042 nt
1090 4001 1190 4065 supro
1220 3979 1370 4068 cnp.13.
1400 3979 1577 4044 denudatis
1600 4002 1661 4067 pro
1689 3979 1919 4063 depredantes,
1950 3991 1983 4046 11
2003 3981 2089 4050 inire

477 4085 619 4175 111126.
637 4083 811 4174 fluctuatis
829 4105 890 4170 pro
909 4081 1125 4174 fluctuantes,
1147 4081 1195 4146 sie
1209 4082 1271 4147 boc
1291 4083 1364 4146 Ioco
1385 4080 1538 4171 sntiputis
1552 4105 1613 4172 pro
1627 4082 1809 4170 futipoutes
1826 4082 1949 4170 posuit.
1997 4085 2088 4174 Ergo

475 4189 684 4258 scribendum
707 4197 795 4251 crete
816 4183 999 4276 [stipantes
1018 4205 1118 4270 saepe
1141 4183 1229 4248 idern
1246 4187 1388 4274 petendo
1409 4197 1573 4252 senatum.
1592 4183 1667 4252 BG.
1690 4186 1735 4252 Β.

562 4341 646 4431 Cep.
669 4339 768 4406 XIX.
795 4335 1016 4427 educendum]
1039 4337 1124 4402 cot.
1148 4337 1366 4422 educendum,
1390 4339 1478 4426 quod
1495 4335 1663 4402 BeIsIscrue
1685 4335 1819 4424 rrdgnto
1845 4333 2027 4402 substituit.
2044 4371 2088 4384 —-·

479 4445 520 4512 Er
543 4445 710 4510 'I'brseum
734 4442 868 4530 legetis,
892 4441 979 4532 opud
1001 4465 1038 4508 se
1061 4440 1338 4528 disceptantibus,
1363 4453 1396 4509 ct
1418 4441 1622 4524 societatem]
1653 4437 1736 4502 Cnd.
1766 4450 1799 4504 11
1827 4463 1940 4506 recum
1969 4441 2088 4528 tepetis

474 4575 512 4620 se
541 4548 809 4643 diseepuotisque
837 4531 870 4610 et
897 4549 979 4612 sutis
1007 4548 1211 4610 societatem.
1265 4545 1383 4612 Priore
1414 4557 1446 4610 et
1475 4567 1587 4612 nerem
1610 4566 1650 4607 ex
1673 4554 1704 4608 et
1730 4554 1869 4627 trucum,
1894 4541 1983 4631 quod
2007 4540 2087 4611 nIibi

476 4679 609 4749 quoquc
631 4674 690 4742 pro
718 4652 885 4718 Threcum
917 4647 949 4714 iu
980 4647 1095 4714 codiee
1117 4646 1251 4736 legitur,
1275 4660 1345 4714 ortu
1376 4671 1450 4712 esse
1472 4657 1626 4736 uppurete
1656 4647 1839 4736 posteriore
1869 4645 1988 4712 misere
2016 4669 2087 4712 cor·

473 4771 570 4848 rupte
600 4767 689 4824 suunt.
739 4751 1037 4821 Weissenbornids
1066 4751 1169 4818 Lectt.
1199 4749 1274 4816 Liv.
1304 4751 1394 4814 Part.
1424 4748 1450 4814 I.
1476 4773 1510 4837 p.
1538 4747 1592 4812 28.
1623 4749 1730 4812 miurus
1754 4746 1980 4836 probabiliter,
2003 4747 2084 4836 quid
