4814 5970
292 898 498 970 tamtum.
520 909 613 992 porti
633 909 723 972 muri
744 901 1192 992 dmolm‚'illad·impedit,
1216 902 1308 992 quad
1335 905 1505 992 aequitum
1534 907 1583 972 u
1602 909 1731 974 toalleam
1753 909 1912 978 Mede

289 1007 369 1097 solt,
391 1012 481 1104 qood
502 1020 568 1074 ete.
595 1041 636 1060 -υ
666 1012 859 1097 praesecto}
883 1007 933 1072 Ex
956 1006 1067 1096 bipsli
1089 1006 1341 1089 emendatiore,
1370 1006 1468 1074 etiam
1491 1007 1628 1076 [labero
1653 1010 1811 1100 probata,
1833 1035 1910 1082 caat

290 1109 508 1176 ballemaodo
537 1123 570 1177 et
590 1109 754 1199 ssopertlo
784 1121 962 1201 prostrato
991 1110 1123 1199 scripsi.
1151 1107 1229 1176 lad.
1253 1109 1298 1176 Β.
1328 1140 1367 1158 -
1397 1110 1587 1198 promite
1605 1116 1795 1201 umam]
1821 1113 1908 1182 coo.

288 1216 474 1302 peroietom
502 1233 616 1310 paam.
650 1213 745 1296 Quid
774 1213 808 1278 ia
837 1213 888 1277 bis
918 1211 1037 1294 lateat,
1066 1209 1125 1277 alii
1151 1211 1307 1281 viderint.
1337 1249 1377 1267 -
1408 1213 1588 1298 diversari}
1609 1212 1693 1280 cort.
1717 1217 1906 1304 harnam,

290 1314 379 1412 quod
403 1317 555 1405 praetuli.
572 1315 647 1383 ΒΒ.
671 1319 715 1384 Β.
833 1311 839 1366 3
1075 1362 1079 1370 ·
1607 1361 1611 1371 ·

292 1551 299 1564 ·
374 1469 457 1562 Cap,
480 1469 527 1545 Χ,
552 1495 570 1536 a
593 1469 730 1562 μνοη]
753 1468 834 1536 cod.
856 1483 888 1536 et
910 1463 1014 1536 Frob,
1040 1452 1070 1526 l.
1093 1484 1236 1551 pauore,
1261 1459 1382 1560 omissa
1406 1461 1666 1551 praepositione,
1691 1491 1788 1556 quam
1811 1460 1907 1555 Sigo-

288 1573 363 1638 nius
387 1574 526 1641 addidit.
574 1574 676 1642 llecte
696 1573 841 1665 quidem.
867 1572 904 1638 ln
926 1573 1026 1638 altera
1047 1583 1155 1636 taursu
1180 1567 1266 1634 Livii
1288 1569 1432 1635 editione
1449 1570 1754 1638 Drakenborchium
1771 1583 1906 1641 secutus

288 1698 307 1739 e
325 1697 450 1763 poure
469 1675 602 1764 scripsi,
627 1699 729 1764 quum
751 1699 769 1741 e
791 1673 934 1756 facilius,
952 1694 1048 1762 qoam
1064 1697 1097 1754 a,
1121 1672 1161 1737 ab
1177 1669 1337 1739 vocabulo
1354 1674 1469 1758 tonde,
1492 1673 1596 1738 idest
1621 1675 1767 1759 tandem,
1791 1679 1905 1764 polue-

287 1775 331 1842 rit
353 1773 536 1842 absorberi.
568 1815 609 1826 -
635 1775 858 1866 poenitentioe
881 1777 1075 1864 relinqaens
1097 1778 1222 1854 locum]
1243 1776 1476 1868 Wopbeosiua
1498 1779 1574 1844 coll.
1598 1779 1675 1844 Ltv.
1698 1779 1832 1863 XXlV,
1847 1779 1903 1846 26.

287 1885 379 1973 quod
401 1883 485 1947 adeo
506 1881 702 1972 festinatum
724 1883 771 1950 od
787 1885 1002 1973 supplicium,
1033 1905 1143 1979 meqrce
1172 1882 1265 1949 torm
1285 1883 1480 1972 poenitmsdi
1506 1892 1567 1949 erut
1587 1905 1761 1972 repressus
1785 1879 1826 1947 ab
1849 1885 1905 1950 iro

287 1986 428 2050 relictus
451 1997 549 2068 esset,
571 1987 625 2054 bie
647 2009 782 2076 quoque
795 1989 990 2076 poenitendi
1009 1988 1222 2054 scribendum
1234 2011 1323 2070 esse,
1341 1993 1435 2055 Aett.
1455 1988 1522 2056 litt.
1538 2013 1608 2054 soe.
1622 1988 1901 2056 Rheno'rrsieet

287 2085 385 2152 Torta.
409 2087 457 2153 ll.
480 2111 516 2176 p.
540 2089 594 2157 9³.
619 2100 742 2155 temere
768 2090 956 2180 suspiratos
979 2103 1042 2157 est.
1093 2089 1279 2180 Utrumque
1308 2094 1394 2159 eoin
1423 2105 1513 2160 recte
1539 2093 1672 2161 dieitur.
1702 2131 1742 2146 -
1768 2093 1901 2181 namus]

286 2187 373 2254 dod.
396 2201 526 2272 motum,
548 2192 640 2280 quod
663 2189 833 2260 Balaberaa
854 2194 886 2260 ia
910 2207 1052 2261 resarum
1074 2209 1201 2264 mutare
1219 2221 1287 2265 non
1309 2199 1481 2266 sustinuit.
1505 2237 1545 2254 -
1568 2201 1605 2266 io
1623 2221 1692 2266 reor
1715 2201 1903 2266 mend-st·

285 2295 367 2400 lem]
383 2293 586 2364 Gronovium
608 2309 698 2364 reete
720 2303 755 2365 im
777 2324 928 2367 errorem
948 2301 1190 2369 emendabilem
1211 2303 1423 2370 scribendum
1439 2303 1622 2389 censuisse,
1647 2327 1712 2371 aera
1735 2318 1798 2389 est,
1812 2305 1903 2394 qood

287 2399 431 2465 dubites.
456 2400 530 2467 BG.
553 2402 597 2467 Β.
642 2399 700 2468 ste
722 2403 807 2470 lnlra
829 2427 901 2492 cap.
925 2404 979 2468 21.
1002 2427 1113 2472 mores
1141 2427 1203 2495 pro
1223 2431 1377 2475 rumores
1398 2407 1433 2473 io
1459 2407 1573 2476 codice
1596 2409 1737 2496 legitur,
1761 2421 1794 2474 et
1816 2409 1904 2475 siuti·

285 2501 363 2568 liter
383 2495 554 2585 xxxin,
575 2504 628 2568 31.
663 2505 742 2572 olim
765 2531 806 2574 ax
829 2507 904 2574 eod.
928 2505 1021 2596 Mag.
1053 2509 1177 2576 aditum
1201 2535 1255 2578 rea
1278 2535 1340 2601 pro
1362 2515 1473 2595 uires,
1504 2512 1596 2600 qood
1626 2525 1741 2601 postea
1770 2513 1805 2578 io
1826 2509 1901 2578 cod.

286 2599 402 2668 bamb.
434 2617 600 2694 repertum
630 2620 692 2675 est.
728 2647 772 2662 —
808 2608 970 2695 Aeniam]
1002 2615 1151 2681 Auctore
1179 2614 1451 2682 mabeuborellio
1486 2615 1542 2681 bis
1566 2626 1599 2682 et
1627 2613 1715 2682 islra
1743 2640 1815 2706 cap.
1846 2615 1901 2682 dl.

284 2709 437 2775 Aeneam
459 2711 591 2798 scripsi.
614 2711 690 2779 BG.
714 2714 758 2779 Β.
787 2746 828 2764 -
856 2713 1011 2783 adiuvere
1037 2729 1089 2800 et,
1118 2719 1176 2804 qui
1206 2719 1239 2782 io
1264 2719 1403 2783 naribus
1426 2713 1539 2808 eraut]
1573 2718 1657 2784 cod.
1689 2723 1803 2786 otlooe
1831 2725 1901 2813 qui.

285 2795 459 2898 lii-'possus
481 2813 643 2879 odisauere
663 2823 752 2880 recte
773 2815 941 2881 restituitr
974 2817 1032 2882 sed
1055 2821 1206 2887 rosulum
1236 2833 1268 2888 et
1301 2821 1473 2888 delendam
1497 2843 1592 2906 ease,
1615 2842 1656 2888 ea
1678 2823 1803 2892 codicis
1824 2823 1903 2890 aori·

284 2920 383 3005 ptura
404 2915 614 3004 intelligitur.
637 2919 713 2986 BG.
738 2923 781 2986 Β.
1645 2945 1649 2956 ·

370 3076 454 3166 Cap.
476 3075 542 3144 Xl.
566 3077 600 3149 ia
623 3077 727 3144 altum
747 3079 999 3166 magnitudine]
1032 3077 1116 3145 Cod.
1150 3083 1186 3146 in
1215 3080 1305 3146 ultus
1324 3081 1565 3172 mopnitudins.
1609 3077 1901 3150 Drakenborclrius

284 3185 366 3266 baec
388 3183 485 3264 rerba
502 3182 699 3250 eliminanda
721 3185 864 3270 censuit,
886 3200 921 3253 et
939 3186 1122 3268 Bellerus,
1146 3194 1183 3250 ut
1204 3181 1328 3270 spurio,
1353 3183 1447 3250 uocis
1470 3183 1618 3270 inclusit,
1641 3195 1769 3252 servata
1793 3199 1901 3256 tomen

284 3289 429 3360 lectione
455 3289 559 3356 altos.
602 3285 675 3355 Noa
701 3289 735 3356 io
765 3290 829 3359 alia
858 3290 969 3358 omnia
990 3288 1218 3356 discessimus.
1264 3286 1435 3354 Librarius
1463 3288 1572 3372 enim,
1602 3309 1705 3379 quum
1733 3289 1768 3354 im
1797 3289 1902 3358 altum

284 3391 482 3484 praecedat,
509 3413 549 3458 eo
572 3392 702 3458 facilius
725 3392 769 3458 ita
797 3417 933 3480 peceare
955 3396 1084 3484 potuit,
1111 3404 1149 3472 ut
1170 3393 1225 3458 illa
1253 3404 1392 3482 poneret
1419 3413 1479 3477 pro
1503 3382 1636 3458 iraclilus
1657 3394 1900 3482 magnitudine,

286 3494 377 3586 quod
397 3517 472 3560 meo
495 3493 643 3583 periculo
665 3495 786 3585 recepi.
805 3495 880 3564 ΒΟ.
927 3499 1021 3565 Alibi
1043 3509 1165 3582 tamen,
1181 3517 1223 3562 us
1247 3494 1327 3583 quid
1351 3491 1568 3576 dissimulem,
1582 3492 1735 3560 librarius
1754 3495 1902 3591 insolutus

287 3611 320 3667 et
341 3599 485 3686 inclytus
507 3598 653 3685 scripsit.
695 3599 746 3664 De
768 3600 901 3666 nomina
915 3603 1006 3668 Albo
1030 3602 1097 3669 rid.
1121 3599 1318 3667 Seboeideri
1340 3598 1486 3666 Gramar.
1510 3597 1585 3664 Lat.
1601 3597 1693 3664 Part.
1711 3598 1758 3662 11:
1778 3597 1857 3663 Vol.
1870 3599 1899 3666 1.

285 3726 323 3797 p.
344 3703 398 3769 77.
424 3703 519 3768 etde
542 3701 654 3767 inolita
678 3701 775 3767 buius
799 3703 919 3768 montis
942 3703 1115 3770 altitudine
1138 3704 1183 3769 el.
1206 3702 1239 3767 T
1241 3703 1396 3769 aselrucls.
1420 3701 1462 3766 ad
1484 3697 1706 3790 Pomp'.ll1el.
1732 3697 1780 3784 ll,
1801 3699 1900 3784 ²‚10.

285 3800 366 3870 vot.
392 3801 457 3867 lll.
480 3801 574 3868 Parte
595 3799 641 3868 lt.
664 3826 699 3891 p.
726 3802 797 3866 tlt.
822 3841 864 3853 -
894 3801 1022 3870 Divisis
1044 3805 1195 3892 partibus
1217 3808 1411 3897 obpugnare
1432 3806 1561 3892 adorti]
1594 3804 1777 3872 Ut'ilioisis
1798 3803 1833 3870 ln
1855 3807 1902 3872 di-

286 3909 393 3974 uersis
422 3917 601 3990 mutarem,
628 3927 713 3995 quae
741 3917 945 3995 sequuntur,
976 3931 1043 3974 nou
1074 3921 1139 3977 taor
1170 3912 1359 4002 postulare,
1390 3905 1489 4005 qdaur
1518 3907 1666 3997 flagitare
1692 3907 1900 3983 videbantur.

282 4009 362 4079 ΒΟ.
387 4012 430 4077 Β.
458 4047 499 4061 -
530 4009 691 4099 quodsi,
715 4009 774 4099 qui
798 4011 972 4099 inrupere,
995 4013 1108 4078 armati
1134 4015 1297 4100 luissent]
1321 4012 1406 4081 Cod.
1431 4015 1522 4108 quod
1543 4016 1654 4109 siqui
1675 4017 1832 4102 irrrttpere
1853 4017 1901 4080 lra-

288 4117 410 4180 amoti
429 4115 583 4204 fuissent.
606 4113 803 4178 Perizonius
825 4125 914 4180 recte
930 4113 1085 4200 coniecit,
1102 4119 1162 4210 qui
1182 4119 1411 4206 irrumperent
1432 4138 1507 4182 esse
1527 4112 1751 4179 scribendum.
1768 4111 1844 4182 Bc.
1853 4115 1900 4184 Β.

289 4218 401 4302 Atque
424 4215 501 4282 buia
524 4216 752 4298 coniecturae,
784 4214 849 4280 uisi
879 4214 965 4282 lorta
985 4213 1141 4284 librarius
1162 4219 1301 4286 alterum
1322 4221 1359 4286 ira
1379 4237 1420 4284 es
1444 4211 1656 4308 praecedeuti
1675 4221 1833 4306 lampae
1852 4240 1901 4284 ra·

287 4317 433 4411 petierit,
455 4318 578 4384 codicia
600 4318 765 4409 scriptura
788 4319 898 4384 lavere
918 4317 1059 4384 videtur.
1084 4320 1254 4390 Belrlreroa
1276 4322 1523 4410 Heusingeruoa
1544 4326 1677 4389 esculos
1700 4321 1781 4389 base
1803 4323 1902 4390 verbs

281 4419 332 4493 ‘ita
354 4423 579 4513 interpunxitz
603 4427 734 4520 quodsi,
759 4426 820 4520 qui
839 4424 1064 4515 irmpereot
1084 4433 1219 4515 armati,
1242 4429 1400 4518 fuissent,
1425 4425 1461 4492 id
1481 4437 1531 4492 cst
1548 4437 1682 4516 prdeato
1700 4425 1858 4541 {comm

373 4597 454 4684 (lap.
475 4593 557 4660 ΧΗ.
584 4595 714 4681 Pptbo]
745 4593 833 4660 (lod.
857 4595 980 4683 plryto,
1012 4595 1103 4684 quod
1134 4595 1304 4662 uellem·
1335 4597 1474 4685 reecpit.
1500 4633 1540 4648 ·-
1570 4583 1768 4686 deprebenai
1796 4598 1903 4692 eraut]

284 4701 372 4768 cod.
397 4711 431 4764 et
450 4697 551 4764 Freb.
578 4697 606 4762 l.
623 4693 792 4783 'deprensi
820 4709 939 4776 marat,
968 4697 1060 4784 quod
1088 4697 1398 4766 reuocatum.
1443 4699 1512 4766 lam
1539 4701 1852 4789 utriculanum,
1875 4706 1905 4779 ai

281 4824 350 4892 -par
371 4811 490 4890 aperte
512 4801 675 4884 lieaisaet,
698 4799 761 4864 boe
783 4809 996 4866 revocaturus
1020 4813 1102 4868 erat.
1124 4803 1203 4870 vit.
1227 4825 1313 4894 quae
1336 4803 1376 4870 ad
1398 4801 1511 4886 XLV,
1535 4804 1587 4872 31.
1611 4809 1777 4874 annotavi.

1639 4925 1677 4990 ll
