4814 5970
1903 655 1949 729 tl

421 823 561 904 [butt]
581 823 646 886 lloo
663 823 761 905 ipsum
781 823 913 886 Pertzius
933 841 965 904 p.
985 817 1017 883 3.
1040 829 1119 884 recte
1139 823 1250 905 posuit,
1270 824 1322 886 sed
1344 825 1421 888 illem
1442 845 1472 908 p.
1501 823 1532 890 tl.
1561 847 1715 912 perperam
1748 846 1848 898 pm„
1876 838 1952 902 Μή.

337 931 406 1011 psit,
426 929 447 994 l
462 931 546 994 litera
566 929 598 992 in
620 929 784 992 rmutata.
805 927 871 990 Non
893 936 939 990 est
959 926 1039 1010 quod
1060 926 1185 1002 dubites,
1208 932 1311 991 terent
1331 947 1395 992 esse
1416 932 1626 1012 reponendum.
1655 933 1771 998 Etenim
1792 937 1823 1000 iu
1844 939 1951 1020 patim.

336 1041 438 1115 psesto
458 1051 521 1096 nou
544 1033 576 1106 T,
597 1032 651 1096 soal
672 1032 691 1094 l
707 1033 824 1112 legitur.

422 1173 588 1254 ultum
610 1174 689 1237 llaec
709 1175 740 1237 in
759 1175 950 1256 palimpsesto
972 1176 1011 1238 ita
1032 1185 1213 1259 comparent,
1233 1187 1267 1240 ut
1286 1181 1408 1256 nescias,
1427 1189 1527 1244 utrum
1548 1183 1649 1247 rrltima
1670 1185 1753 1248 litera
1771 1204 1829 1268 pro
1855 1185 1895 1261 G,
1916 1207 1952 1250 an

336 1299 393 1362 pro
410 1280 512 1343 literae
534 1280 561 1354 Q
580 1280 722 1362 particula
741 1280 780 1342 sit
799 1279 943 1342 habenda.
966 1279 1043 1342 Num
1064 1281 1249 1363 militiaeque
1270 1281 1482 1346 scribendum?

421 1428 548 1507 AEQ..]
576 1427 708 1490 Pertzius
737 1445 827 1508 quum
852 1445 884 1507 p.
913 1421 945 1486 3.
972 1423 1069 1488 minus
1096 1433 1176 1487 reolo
1204 1423 1281 1498 uto
1306 1423 1488 1506 scripsisset,
1511 1445 1542 1507 p.
1566 1422 1597 1488 9.
1620 1429 1727 1492 rectius
1749 1449 1833 1514 aeq..
1853 1433 1951 1496 edielit.

337 1531 472 1595 Celerum
498 1533 554 1594 bae
581 1533 682 1594 literae
710 1530 868 1594 inversus
896 1529 1040 1612 principio
1069 1529 1110 1592 ita
1138 1538 1206 1591 sunt
1233 1530 1356 1610 positae,
1384 1539 1416 1593 ut
1442 1531 1467 1594 A
1490 1531 1573 1594 litera
1595 1533 1724 1596 subiecta
1745 1535 1783 1598 sit
1803 1535 1903 1600 titerm
1924 1537 1949 1612 l,
2081 1562 2087 1571 ·

336 1637 461 1720 quaein
480 1657 567 1701 versu
586 1636 770 1718 praecedeuti
792 1636 907 1716 legitur.
950 1633 1081 1696 Pertzius
1103 1634 1180 1697 enim
1201 1653 1232 1714 p.
1256 1629 1285 1696 3.
1309 1635 1380 1696 haec
1401 1655 1461 1698 uon
1489 1637 1559 1700 satis
1585 1645 1719 1701 accurate
1747 1651 1949 1720 repraesenta·

335 1741 385 1804 vit
427 1739 529 1821 Neque
548 1749 645 1802 tamen
666 1737 779 1802 literula
800 1736 981 1801 intercidisse
1002 1736 1126 1799 ridetur.

421 1849 558 1962 ΜΔΝ]
580 1880 642 1944 liae
660 1899 778 1961 quoque
796 1879 905 1954 literae,
927 1877 983 1940 uisi
1005 1897 1056 1940 eas
1076 1848 1208 1940 vocabuli
1228 1879 1389 1961 bipartitus
1412 1880 1548 1962 reliquias
1577 1899 1642 1944 osse
1670 1879 1786 1954 dixeris,
1818 1881 1849 1944 iu
1877 1879 1949 1944 duas

336 1987 546 2050 vocabulorum
568 1987 751 2048 diversorum
772 1983 897 2064 syllabas
918 1982 1086 2046 diuidendae
1106 1993 1185 2048 sunl.

422 2132 554 2211 ....r..]
577 2131 736 2212 l‘ererigua
756 2137 867 2191 tantum
889 2147 924 2189 er
944 2127 1002 2190 hoo
1022 2147 1109 2192 versu
1129 2135 1264 2210 superest
1284 2126 1398 2202 lineola,
1422 2147 1496 2208 quae
1516 2127 1598 2190 cuius
1619 2127 1719 2191 literae
1739 2125 1881 2210 particula
1900 2127 1947 2201 sit,

335 2234 381 2296 rix
401 2234 554 2297 divinando
584 2233 738 2316 qaisquam
762 2231 871 2314 poterit
892 2229 1018 2312 assequi.
1062 2227 1125 2310 Ego
1149 2249 1229 2310 roro,
1257 2239 1289 2296 ut
1310 2239 1356 2294 est
1373 2232 1449 2314 apud
1473 2231 1652 2316 Euripidem,
1681 2221 1720 2296 οὗ
1742 2223 1861 2314 μάντις
1882 2221 1950 2312 sipi

336 2331 471 2422 τάφανῆ
491 2335 612 2420 γνῶναι
634 2333 761 2421 σαφῶς.
1821 2333 1826 2341 “
