4814 5970
332 827 491 911 operaest,
515 836 598 908 qnee
627 827 832 905 aeqonatar,
862 825 900 880 nt
923 815 1003 880 baec
1022 815 1064 880 ad
1085 815 1193 883 tolum
1214 817 1273 883 Ti.
1296 818 1531 904 Semproniam
1547 819 1752 903 referantur,
1785 811 1851 888 noa
1874 838 1949 910 per·

332 925 478 991 mittunt.
525 919 643 986 Paullo
666 933 744 1010 post
766 933 872 986 tamen
892 921 928 984 in
952 920 1080 986 verbine
1106 921 1219 1009 Quum
1239 925 1394 989 tribunus
1416 925 1528 988 dicere
1550 947 1588 988 ea
1611 923 1665 990 die
1687 933 1750 988 etc.
1776 945 1949 1012 perperam

333 1030 462 1096 tribuni
484 1048 544 1116 pro
567 1028 722 1092 tribunus
745 1022 777 1088 iu
801 1025 914 1090 codiee
936 1023 1071 1109 legitur.
1101 1061 1145 1074 -
1175 1024 1208 1090 in
1231 1026 1367 1090 meliore
1389 1025 1543 1112 foruna]
1573 1025 1675 1092 Frob.
1694 1022 1730 1092 2.
1763 1030 1799 1094 in
1818 1030 1951 1096 meliori

328 1133 483 1224 fortuna,
514 1131 604 1220 qnod
624 1129 917 1195 Drakenborclaius
943 1139 1099 1193 annotare
1117 1129 1281 1216 neglexit.
1327 1128 1477 1194 Praestat
1497 1130 1680 1218 vulgatam.
1726 1129 1780 1197 Gi.
1804 1126 1949 1218 Reisigii

323 1237 477 1304 'Gramm
497 1233 572 1300 Lat.
598 1257 632 1322 p.
656 1231 710 1297 91.
732 1233 849 1320 ibique
879 1231 994 1296 liaasii
1017 1242 1086 1296 not.
1120 1231 1173 1296 78.
1206 1263 1240 1278 ··-
1273 1229 1463 1318 dispoliari]
1494 1232 1598 1298 Immo
1627 1232 1829 1321 despoliari,
1858 1231 1949 1321 quod

322 1339 541 1418 Gronovius,
572 1336 758 1404 Crevierins
788 1347 821 1399 et
851 1331 1239 1420 Banrngarten·(2rnsins
1267 1345 1355 1398 reete
1390 1336 1626 1420 praetulerunt.
1678 1333 1865 1401 Beatum
1900 1333 1948 1400 di·

329 1443 474 1534 spoliari
480 1491 492 1526 ,
516 1441 605 1532 quod
631 1453 664 1506 et
692 1439 764 1528 ipse
794 1439 827 1502 in
858 1439 980 1502 maiore
1002 1436 1090 1504 Livii
1115 1440 1259 1506 editione
1288 1440 1502 1522 retinueram,
1533 1461 1683 1506 amasse
1703 1441 1813 1506 miror.
1843 1475 1888 1493 ·-
1914 1439 1949 1505 in

332 1571 399 1614 nno
419 1546 517 1613 nimis
541 1571 576 1612 se
599 1569 659 1634 per
677 1541 887 1608 ambitionem
909 1544 1061 1630 peceare]
1084 1543 1167 1608 Cod.
1194 1545 1341 1631 peccari.
1387 1542 1575 1608 Gronovius
1605 1546 1695 1612 ultre
1723 1529 1822 1613 nimis
1848 1534 1950 1635 caepe

329 1678 394 1741 per
415 1651 626 1717 ambitionem
644 1649 790 1734 peccari,
815 1645 1024 1712 scribendum
1047 1645 1188 1711 censuit.
1235 1643 1415 1710 Biittnerus
1440 1646 1629 1714 Observatt.
1651 1648 1727 1715 Lis.
1752 1673 1787 1737 p·
1812 1651 1886 1718 117.
1916 1661 1950 1719 et

331 1753 502 1822 lacobaius
525 1750 557 1814 in
580 1747 678 1815 Notis
704 1747 736 1812 in
763 1746 850 1812 Livii
873 1745 948 1811 Lib.
972 1745 1144 1810 XXXIII.
1167 1769 1201 1834 p.
1227 1745 1300 1812 394.
1321 1749 1522 1815 malueroota
1545 1753 1612 1816 inm
1631 1775 1722 1821 nnnc
1734 1759 1834 1822 nimis
1847 1779 1949 1846 saepe

324 1879 394 1948 per
415 1855 628 1922 ambitionem
647 1854 795 1940 peccari.
851 1850 983 1934 Quibus
1007 1848 1141 1937 quidem
1163 1849 1206 1913 ita
1227 1850 1374 1934 accessi,
1406 1861 1464 1932 nt,
1492 1875 1595 1941 quum
1617 1879 1728 1941 rauna,
1750 1857 1880 1924 literai
1908 1881 1951 1926 ex

332 1959 542 2054 praecedenti
571 1958 730 2025 vocabulo
753 1957 895 2020 militari
922 1955 1004 2020 male
1031 1954 1189 2042 repetita,
1221 1954 1254 2018 in
1286 1957 1320 2019 in
1348 1979 1415 2020 euro
1442 1956 1564 2023 abiisse
1591 1971 1768 2048 appareat,
1798 1963 1948 2028 voculam

332 2071 399 2134 iem
422 2063 616 2130 omitterem.
650 2059 723 2126 ΒΟ.
755 2061 800 2125 Β.
852 2057 1021 2123 lieltherus
1051 2056 1130 2122 satis
1161 2055 1275 2122 babuit
1310 2069 1504 2124 aaarotassea
1535 2085 1659 2146 „ranae
1688 2063 1825 2129 lacobs=
1856 2064 1886 2129 L
1912 2069 1950 2152 in

331 2195 413 2254 uno,
436 2165 512 2235 (ill.
536 2165 671 2234 uitro.“
714 2161 823 2246 Quam
845 2161 930 2226 bene
953 2171 986 2226 et
1008 2172 1170 2243 accurate,
1192 2183 1288 2225 nemo
1311 2181 1376 2227 oon
1397 2162 1498 2230 videt.

418 2323 502 2409 Cap.
526 2314 713 2384 XXXVII.
737 2315 871 2405 antiqua
895 2313 1071 2402 discipline
1094 2311 1216 2396 babiti,
1243 2337 1354 2402 neque
1376 2315 1548 2400 iecerunt]
1571 2315 1746 2386 Vocabolo
1776 2316 1884 2386 babiti
1904 2317 1949 2387 Ia·

333 2423 592 2508 cunae'signum
614 2417 767 2506 apposui.
790 2416 866 2484 BG.
889 2419 933 2484 Β.
980 2416 1131 2484 Alteram
1159 2441 1267 2509 neque
1288 2419 1416 2502 effecit,
1448 2432 1485 2486 ot
1511 2419 1639 2508 integra
1661 2420 1821 2488 orationis
1850 2414 1949 2510 parti·

334 2529 409 2596 cola
427 2522 651 2590 intercideret.
673 2521 752 2586 Vid.
776 2543 860 2608 quae
881 2520 924 2587 ad
946 2521 1060 2604 XLII,
1083 2522 1136 2588 63.
1167 2526 1335 2590 annotavi.
1371 2556 1407 2574 -
1438 2546 1543 2610 quum
1572 2524 1717 2611 primum
1738 2524 1950 2612 magistratus

333 2634 409 2722 ipae
431 2629 595 2718 cepisset]
625 2625 722 2692 llaud
744 2625 814 2690 acio
844 2649 885 2690 an
917 2627 1040 2692 rectius
1062 2631 1295 2716 mapistratum
1318 2626 1493 2692 scribatur.
1515 2662 1559 2677 —-
1580 2625 1653 2692 eins
1676 2625 1859 2694 obtrectare
1881 2627 1951 2696 lau·

330 2737 393 2802 dea
412 2734 531 2814 voluit]
554 2731 628 2796 lloe
650 2730 759 2816 ipsum
785 2730 817 2792 io
840 2729 954 2794 codiee
973 2729 1109 2814 legitur.
1155 2727 1199 2792 Et
1221 2738 1309 2794 recte
1333 2727 1477 2814 quidem.
1514 2711 1971 2814 Garatoaiuseoimffloum'
2017 2756 2020 2762 ¹

333 2839 505 2908 Ferrarius
528 2835 569 2900 de
591 2833 689 2898 liuius
710 2831 775 2896 Ioci
797 2831 986 2918 integritate
1009 2832 1204 2916 dubitasset,
1226 2831 1363 2897 Latinos
1384 2829 1519 2897 verbum
1542 2834 1729 2898 obtrectare
1751 2853 1819 2897 neu
1842 2833 1951 2900 solum

335 2967 408 3012 eum
431 2941 544 3022 tertio,
566 2937 627 3002 aed
648 2935 746 3000 etiam
768 2958 842 3000 cum
865 2945 983 3022 quarto
1006 2957 1084 3000 casa
1108 2932 1321 3000 coniunxisse
1341 2931 1454 3000 docuit
1476 2931 1518 2996 ad
1546 2932 1620 2999 (lie.
1653 2931 1805 3024 Philipp.
1835 2931 1884 3019 X,
1913 2933 1947 3000 2.

276 3029 280 3054 ¹
335 3049 434 3116 Tam.
458 3044 502 3112 ll.
526 3068 561 3132 p.
586 3039 661 3106 318.
686 3040 739 3106 ed.
763 3039 979 3108 Wcrnsdorl'.
1008 3076 1048 3090 -
1079 3062 1155 3104 reus
1178 3037 1315 3123 agatur]
1345 3034 1429 3100 Cod.
1451 3059 1513 3102 rex
1535 3047 1670 3126 agatur·
1709 3035 1814 3130 ilecto
1845 3039 1949 3128 igitar

322 3151 485 3218 ,Muretus
508 3143 651 3212 coniecit
673 3168 729 3209 ree
751 3153 888 3232 agatur,
909 3141 1000 3228 qood
1022 3139 1194 3206 Belleros
1217 3137 1356 3225 recepit.
1374 3135 1447 3202 ·Sic
1467 3139 1566 3204 etiam
1596 3159 1697 3228 supra
1724 3160 1798 3228 cap.
1830 3137 1883 3207 19.
1913 3149 1954 3211 ut

334 3280 399 3324 rex
422 3255 535 3320 docuit
552 3271 620 3339 ,pro
643 3259 681 3314 ut
699 3269 761 3314 rea
777 3249 906 3328 docuit,
929 3258 963 3312 et
990 3269 1063 3335 cap.
1093 3244 1146 3310 39.
1178 3243 1341 3308 contrario
1368 3238 1494 3306 librarii
1523 3263 1634 3306 errore
1663 3266 1718 3310 rea
1749 3257 1863 3334 captare
1891 3269 1953 3336 pro

334 3367 529 3444 rexcnptns
553 3354 587 3418 io
607 3351 721 3416 codiee
744 3349 877 3436 legitur.
908 3384 948 3398 -
980 3349 1186 3434 circumires]
1208 3347 1291 3413 Cod.
1317 3348 1523 3432 circumiret,
1548 3349 1723 3436 quodiam
1746 3375 1764 3415 a
1784 3351 1953 3419 Gronovio
2028 3397 2042 3426 .

335 3459 522 3528 coniectura
545 3467 724 3542 repertum,
755 3475 855 3540 quum
884 3451 988 3516 oratio
1015 3474 1080 3518 oon
1104 3451 1144 3518 nd
1166 3451 1332 3540 Paullum,
1356 3451 1414 3517 sed
1439 3451 1480 3516 ad
1503 3453 1640 3520 militem
1663 3455 1840 3542 pertineat,
1871 3457 1952 3522 reei-

334 3587 414 3656 pere
437 3584 502 3625 non
525 3555 684 3623 dubitavi.
709 3555 752 3620 Β.
779 3589 819 3601 -
842 3561 874 3616 et
896 3553 929 3615 in
950 3553 1052 3617 aciem
1078 3578 1118 3618 ex
1140 3555 1258 3621 itinere
1282 3555 1426 3642 duxisti]
1449 3553 1599 3620 Verbum
1622 3555 1752 3622 duxisti
1773 3565 1807 3621 et
1836 3554 1952 3632 vocula

335 3695 398 3751 ne,
422 3685 505 3753 quae
528 3659 699 3748 sequitur,
723 3679 741 3719 a
762 3653 928 3740 Gryuaoo,
951 3663 988 3717 ut
1010 3653 1125 3722 lacuna
1148 3659 1347 3746 expleretur,
1371 3671 1449 3724 sont
1471 3657 1678 3746 interposita.
1728 3654 1823 3726 Nilail
1853 3661 1956 3750 igitur

336 3766 558 3858 impediebat,
589 3757 789 3851 quominus
820 3757 1067 3822 Gronovianum
1097 3757 1216 3824 ductus
1246 3783 1281 3824 es
1312 3760 1505 3852 reciperem.
1535 3761 1580 3827 Β.
1636 3757 1716 3826 Pari
1745 3771 1854 3830 umen
1883 3763 1955 3832 iure

337 3871 539 3942 descendisti
572 3865 710 3932 scribas.
767 3861 1162 3952 &augauno-Cresius
1199 3863 1340 3930 servavit
1374 3863 1542 3950 vulgatum
1580 3876 1613 3931 et
1651 3865 1731 3932 bace
1765 3867 1951 3936 annotavit=

337 3974 577 4066 „lireyseigius
599 3968 803 4039 Gronovium
825 3961 973 4054 secutus,
989 3968 1135 4036 codicem
1150 3969 1206 4036 vix
1218 3968 1425 4050 crediderim,
1441 3967 1550 4034 dedit:
1575 3968 1817 4036 circumiret-
1833 3967 1956 4039 ductus

337 4107 391 4165 ea,
419 4093 456 4144 ut
477 4079 517 4143 ad
540 4075 676 4158 militem
708 4071 811 4138 oratio
835 4095 928 4136 versa
950 4071 1035 4137 ait.“
1080 4069 1148 4136 lam
1172 4081 1328 4157 apparet,
1362 4093 1414 4133 me
1441 4080 1473 4134 et
1496 4068 1605 4134 codici
1632 4078 1665 4134 et
1687 4069 1856 4136 Gronovio
1879 4071 1952 4138 ess'e

337 4183 543 4247 obsecutum.
572 4214 614 4228 -
641 4176 728 4266 apud
749 4175 907 4266 populum
930 4173 1131 4260 Romanum]
1153 4171 1238 4240 Cod.
1262 4181 1317 4266 ιῷ.
1340 4184 1531 4262 praetorem
1555 4195 1616 4260 pro
1639 4173 1732 4258 apud
1751 4175 1796 4240 Ρ.
1815 4175 1858 4244 ll.
1883 4175 1954 4244 sire

333 4281 492 4374 populum
514 4285 714 4347 Remurium.
759 4267 885 4345 liodem
917 4277 1014 4344 modo
1036 4275 1189 4344 librarios
1211 4275 1325 4359 XLII,
1349 4273 1402 4342 30.
1427 4273 1588 4361 peccavit.

421 4433 506 4520 Cap.
529 4431 734 4498 XXXVIII.
757 4431 835 4500 Non
859 4430 957 4498 nnius
979 4434 1043 4498 lroc
1062 4432 1195 4519 Paulli]
1228 4432 1313 4499 cod.
1337 4456 1405 4497 nen
1426 4433 1526 4499 unius
1549 4435 1584 4497 iu
1604 4431 1670 4498 boc
1688 4432 1803 4522 pauli,
1826 4431 1862 4502 id
1881 4443 1952 4500 esti

334 4564 406 4608 non
426 4540 527 4605 unina
548 4535 669 4602 Paulli
689 4539 725 4601 in
742 4535 806 4602 boc
829 4535 995 4624 triumpha
1015 4538 1116 4604 decus
1137 4549 1197 4604 eet.
1249 4535 1350 4622 Quod
1370 4559 1422 4600 me
1444 4535 1478 4599 in
1500 4535 1604 4602 altera
1623 4535 1754 4604 denam
1774 4536 1866 4607 Livii
1887 4538 1954 4606 edi·

323 4643 428 4710 ‘tiene
449 4639 636 4723 admisisse,
653 4639 767 4704 nescio
789 4663 830 4702 aa
852 4640 977 4728 pudeat
996 4640 1102 4728 magis
1125 4664 1224 4730 qoam
1239 4639 1418 4729 poeniteat.
1450 4637 1534 4704 Loci
1551 4641 1747 4708 seutentiam
1766 4639 1955 4712 Gronovius

339 4747 423 4812 aene
446 4743 629 4834 perspexit,
651 4743 686 4807 ia
711 4741 924 4806 coniectando
947 4755 1054 4812 autem
1078 4742 1165 4808 iusto
1183 4739 1340 4808 audacior
1359 4741 1437 4806 tuit.
1482 4738 1540 4806 ste
1563 4741 1676 4830 paullo
1697 4754 1791 4830 pasti
1817 4743 1959 4812 mdittras

1692 4843 1733 4910 to
