<?xml version="1.0" encoding="UTF-8"?>
<!DOCTYPE html PUBLIC "-//W3C//DTD XHTML 1.0 Transitional//EN"
    "http://www.w3.org/TR/xhtml1/DTD/xhtml1-transitional.dtd">
<html xmlns="http://www.w3.org/1999/xhtml" xml:lang="en" lang="en">
 <head>
  <title>
</title>
<meta http-equiv="Content-Type" content="text/html;charset=utf-8" />
  <meta name='ocr-system' content='tesseract 3.04.00' />
  <meta name='ocr-capabilities' content='ocr_page ocr_carea ocr_par ocr_line ocrx_word'/>
</head>
<body>
  <div class='ocr_page' id='page_1' title='image "./annotationesadt00kreygoog_0018.png"; bbox 0 0 4770 5994; ppageno 0'>
   <div class='ocr_carea' id='block_1_1' title="bbox 211 675 1915 2709">
    <p class='ocr_par' dir='ltr' id='par_1_1' title="bbox 294 675 1915 1548">
     <span class='ocr_line' id='line_1_1' title="bbox 1848 675 1895 748; baseline 0.043 -2"><span class='ocrx_word' id='word_1_1' title='bbox 1848 675 1895 748; x_wconf 85' lang='lat'>13</span> 
     </span>
     <span class='ocr_line' id='line_1_2' title="bbox 296 831 1899 926; baseline 0 -22"><span class='ocrx_word' id='word_1_2' title='bbox 296 845 384 906; x_wconf 90' lang='lat' dir='ltr'>tertio</span> <span class='ocrx_word' id='word_1_3' title='bbox 406 831 605 904; x_wconf 75' lang='lat' dir='ltr'>et&#39;rricesimo</span> <span class='ocrx_word' id='word_1_4' title='bbox 627 841 708 904; x_wconf 83' lang='lat' dir='ltr'>Livii</span> <span class='ocrx_word' id='word_1_5' title='bbox 738 839 814 904; x_wconf 88' lang='lat' dir='ltr'>libro</span> <span class='ocrx_word' id='word_1_6' title='bbox 836 865 866 923; x_wconf 94' lang='lat' dir='ltr'>p.</span> <span class='ocrx_word' id='word_1_7' title='bbox 890 845 940 904; x_wconf 85' lang='grc'>35.</span> <span class='ocrx_word' id='word_1_8' title='bbox 963 865 1007 923; x_wconf 89' lang='lat' dir='ltr'>sq.</span> <span class='ocrx_word' id='word_1_9' title='bbox 1029 843 1151 924; x_wconf 84' lang='lat' dir='ltr'>praelati</span> <span class='ocrx_word' id='word_1_10' title='bbox 1172 861 1283 904; x_wconf 82' lang='lat' dir='ltr'>sumtu.</span> <span class='ocrx_word' id='word_1_11' title='bbox 1325 843 1371 903; x_wconf 90' lang='lat' dir='ltr'>Ne</span> <span class='ocrx_word' id='word_1_12' title='bbox 1393 843 1423 902; x_wconf 93' lang='lat' dir='ltr'>in</span> <span class='ocrx_word' id='word_1_13' title='bbox 1449 843 1504 917; x_wconf 76' lang='lat' dir='ltr'>Iis,</span> <span class='ocrx_word' id='word_1_14' title='bbox 1535 843 1572 904; x_wconf 92' lang='lat' dir='ltr'>de</span> <span class='ocrx_word' id='word_1_15' title='bbox 1595 843 1701 923; x_wconf 83' lang='lat' dir='ltr'>quibus</span> <span class='ocrx_word' id='word_1_16' title='bbox 1722 842 1772 902; x_wconf 87' lang='lat' dir='ltr'>bic</span> <span class='ocrx_word' id='word_1_17' title='bbox 1794 843 1899 926; x_wconf 83' lang='lat' dir='ltr'>agitur,</span> 
     </span>
     <span class='ocr_line' id='line_1_3' title="bbox 294 943 1915 1027; baseline -0.001 -20"><span class='ocrx_word' id='word_1_18' title='bbox 294 946 376 1008; x_wconf 77' lang='lat' dir='ltr'>Livii</span> <span class='ocrx_word' id='word_1_19' title='bbox 398 945 480 1008; x_wconf 87' lang='lat' dir='ltr'>libris</span> <span class='ocrx_word' id='word_1_20' title='bbox 503 945 638 1008; x_wconf 87' lang='lat' dir='ltr'>similiter</span> <span class='ocrx_word' id='word_1_21' title='bbox 660 967 676 1004; x_wconf 83' lang='lat' dir='ltr'>a</span> <span class='ocrx_word' id='word_1_22' title='bbox 701 943 888 1027; x_wconf 76' lang='lat' dir='ltr'><strong>typographo</strong></span> <span class='ocrx_word' id='word_1_23' title='bbox 907 959 1087 1026; x_wconf 68' lang='lat' dir='ltr'>peccaretur,</span> <span class='ocrx_word' id='word_1_24' title='bbox 1111 945 1167 1026; x_wconf 89' lang='lat' dir='ltr'>ipsi</span> <span class='ocrx_word' id='word_1_25' title='bbox 1188 944 1292 1008; x_wconf 87' lang='lat' dir='ltr'>sedulo</span> <span class='ocrx_word' id='word_1_26' title='bbox 1316 947 1459 1007; x_wconf 87' lang='lat' dir='ltr'>cavimus.</span> <span class='ocrx_word' id='word_1_27' title='bbox 1510 945 1667 1027; x_wconf 84' lang='lat' dir='ltr'>Perpauca,</span> <span class='ocrx_word' id='word_1_28' title='bbox 1687 967 1762 1026; x_wconf 87' lang='lat' dir='ltr'>quae</span> <span class='ocrx_word' id='word_1_29' title='bbox 1784 945 1815 1004; x_wconf 91' lang='lat' dir='ltr'>in</span> <span class='ocrx_word' id='word_1_30' title='bbox 1836 945 1915 1006; x_wconf 52' lang='lat' dir='ltr'>miv</span> 
     </span>
     <span class='ocr_line' id='line_1_4' title="bbox 296 1047 1898 1131; baseline -0.001 -19"><span class='ocrx_word' id='word_1_31' title='bbox 296 1071 401 1112; x_wconf 88' lang='lat' dir='ltr'>norem</span> <span class='ocrx_word' id='word_1_32' title='bbox 431 1049 511 1110; x_wconf 87' lang='lat' dir='ltr'>Livii</span> <span class='ocrx_word' id='word_1_33' title='bbox 542 1047 700 1108; x_wconf 73' lang='lat' dir='ltr'>editionem</span> <span class='ocrx_word' id='word_1_34' title='bbox 723 1047 919 1128; x_wconf 84' lang='lat' dir='ltr'>irrepserunt,</span> <span class='ocrx_word' id='word_1_35' title='bbox 945 1047 1019 1108; x_wconf 82' lang='lat' dir='ltr'>vitia</span> <span class='ocrx_word' id='word_1_36' title='bbox 1045 1049 1155 1110; x_wconf 78' lang='lat' dir='ltr'><strong>ibidem</strong></span> <span class='ocrx_word' id='word_1_37' title='bbox 1184 1071 1215 1131; x_wconf 92' lang='lat' dir='ltr'>p.</span> <span class='ocrx_word' id='word_1_38' title='bbox 1239 1058 1290 1114; x_wconf 85' lang='grc'>36.</span> <span class='ocrx_word' id='word_1_39' title='bbox 1313 1072 1357 1130; x_wconf 83' lang='lat' dir='ltr'>sq.</span> <span class='ocrx_word' id='word_1_40' title='bbox 1385 1049 1599 1110; x_wconf 76' lang='lat' dir='ltr'>correximus..</span> <span class='ocrx_word' id='word_1_41' title='bbox 1628 1049 1714 1110; x_wconf 80' lang='lat' dir='ltr'>Adde</span> <span class='ocrx_word' id='word_1_42' title='bbox 1736 1062 1844 1123; x_wconf 85' lang='lat' dir='ltr'>tamen,</span> <span class='ocrx_word' id='word_1_43' title='bbox 1865 1049 1898 1110; x_wconf 86' lang='lat' dir='ltr'>in</span> 
     </span>
     <span class='ocr_line' id='line_1_5' title="bbox 296 1147 1897 1236; baseline -0.004 -19"><span class='ocrx_word' id='word_1_44' title='bbox 296 1157 399 1218; x_wconf 83' lang='lat' dir='ltr'>eadem</span> <span class='ocrx_word' id='word_1_45' title='bbox 422 1155 575 1232; x_wconf 92' lang='lat' dir='ltr'>XXVIII,</span> <span class='ocrx_word' id='word_1_46' title='bbox 598 1159 649 1214; x_wconf 81' lang='lat'>29.</span> <span class='ocrx_word' id='word_1_47' title='bbox 675 1149 865 1214; x_wconf 77' lang='lat' dir='ltr'><strong><em>Coriolanum</em></strong></span> <span class='ocrx_word' id='word_1_48' title='bbox 886 1171 941 1232; x_wconf 90' lang='lat' dir='ltr'>pro</span> <span class='ocrx_word' id='word_1_49' title='bbox 966 1147 1175 1231; x_wconf 76' lang='lat' dir='ltr'><strong><em>Coriolanum,</em></strong></span> <span class='ocrx_word' id='word_1_50' title='bbox 1198 1155 1357 1228; x_wconf 84' lang='lat' dir='ltr'>XXXIV,</span> <span class='ocrx_word' id='word_1_51' title='bbox 1386 1160 1438 1216; x_wconf 84' lang='lat'>22.</span> <span class='ocrx_word' id='word_1_52' title='bbox 1461 1156 1537 1236; x_wconf 77' lang='lat' dir='ltr'>quies</span> <span class='ocrx_word' id='word_1_53' title='bbox 1565 1174 1620 1234; x_wconf 88' lang='lat' dir='ltr'>pro</span> <span class='ocrx_word' id='word_1_54' title='bbox 1650 1155 1729 1234; x_wconf 81' lang='lat' dir='ltr'>quis,</span> <span class='ocrx_word' id='word_1_55' title='bbox 1758 1173 1823 1234; x_wconf 78' lang='lat' dir='ltr'>cop.</span> <span class='ocrx_word' id='word_1_56' title='bbox 1847 1153 1897 1216; x_wconf 80' lang='grc'>54.</span> 
     </span>
     <span class='ocr_line' id='line_1_6' title="bbox 296 1252 1897 1341; baseline -0.004 -19"><span class='ocrx_word' id='word_1_57' title='bbox 296 1284 487 1322; x_wconf 70' lang='lat' dir='ltr'><em>comessorem</em></span> <span class='ocrx_word' id='word_1_58' title='bbox 508 1279 562 1341; x_wconf 87' lang='lat' dir='ltr'>pro</span> <span class='ocrx_word' id='word_1_59' title='bbox 585 1279 788 1330; x_wconf 74' lang='lat' dir='ltr'><em>concessorem,</em></span> <span class='ocrx_word' id='word_1_60' title='bbox 811 1255 949 1327; x_wconf 89' lang='lat' dir='ltr'>XXXV,</span> <span class='ocrx_word' id='word_1_61' title='bbox 971 1261 1021 1316; x_wconf 80' lang='lat'>¹2.</span> <span class='ocrx_word' id='word_1_62' title='bbox 1044 1255 1233 1319; x_wconf 73' lang='lat' dir='ltr'><strong><em>Damocritus</em></strong></span> <span class='ocrx_word' id='word_1_63' title='bbox 1254 1280 1308 1341; x_wconf 86' lang='lat' dir='ltr'>pro</span> <span class='ocrx_word' id='word_1_64' title='bbox 1330 1258 1517 1334; x_wconf 81' lang='lat' dir='ltr'>Democritus,</span> <span class='ocrx_word' id='word_1_65' title='bbox 1540 1254 1716 1330; x_wconf 88' lang='lat' dir='ltr'>XXXVIII,</span> <span class='ocrx_word' id='word_1_66' title='bbox 1739 1264 1791 1320; x_wconf 83' lang='grc'>35.</span> <span class='ocrx_word' id='word_1_67' title='bbox 1810 1252 1897 1316; x_wconf 75' lang='lat' dir='ltr'>Mes-</span> 
     </span>
     <span class='ocr_line' id='line_1_7' title="bbox 295 1355 1897 1444; baseline -0.002 -20"><span class='ocrx_word' id='word_1_68' title='bbox 295 1361 409 1424; x_wconf 80' lang='lat' dir='ltr'>sallam</span> <span class='ocrx_word' id='word_1_69' title='bbox 431 1381 485 1444; x_wconf 92' lang='lat' dir='ltr'>pro</span> <span class='ocrx_word' id='word_1_70' title='bbox 507 1355 693 1435; x_wconf 77' lang='lat' dir='ltr'>Metallum,</span> <span class='ocrx_word' id='word_1_71' title='bbox 723 1357 798 1435; x_wconf 89' lang='lat' dir='ltr'>XL,</span> <span class='ocrx_word' id='word_1_72' title='bbox 822 1357 872 1417; x_wconf 89' lang='grc'>34.</span> <span class='ocrx_word' id='word_1_73' title='bbox 894 1371 955 1416; x_wconf 89' lang='lat' dir='ltr'>tum</span> <span class='ocrx_word' id='word_1_74' title='bbox 975 1359 1012 1418; x_wconf 76' lang='lat' dir='ltr'>iis</span> <span class='ocrx_word' id='word_1_75' title='bbox 1033 1380 1087 1441; x_wconf 92' lang='lat' dir='ltr'>pro</span> <span class='ocrx_word' id='word_1_76' title='bbox 1111 1383 1174 1420; x_wconf 86' lang='lat' dir='ltr'>cum</span> <span class='ocrx_word' id='word_1_77' title='bbox 1195 1364 1248 1434; x_wconf 79' lang='lat' dir='ltr'>iis,</span> <span class='ocrx_word' id='word_1_78' title='bbox 1280 1374 1310 1420; x_wconf 94' lang='lat' dir='ltr'>et</span> <span class='ocrx_word' id='word_1_79' title='bbox 1331 1381 1395 1442; x_wconf 88' lang='lat' dir='ltr'>cap.</span> <span class='ocrx_word' id='word_1_80' title='bbox 1418 1365 1469 1422; x_wconf 89' lang='grc'>36.</span> <span class='ocrx_word' id='word_1_81' title='bbox 1498 1375 1561 1420; x_wconf 87' lang='lat' dir='ltr'>erat</span> <span class='ocrx_word' id='word_1_82' title='bbox 1581 1381 1636 1442; x_wconf 90' lang='lat' dir='ltr'>pro</span> <span class='ocrx_word' id='word_1_83' title='bbox 1658 1375 1741 1418; x_wconf 77' lang='lat' dir='ltr'>eram</span> <span class='ocrx_word' id='word_1_84' title='bbox 1764 1380 1827 1422; x_wconf 83' lang='lat' dir='ltr'>esee</span> <span class='ocrx_word' id='word_1_85' title='bbox 1847 1379 1897 1420; x_wconf 87' lang='lat' dir='ltr'>re-</span> 
     </span>
     <span class='ocr_line' id='line_1_8' title="bbox 295 1465 477 1548; baseline -0.011 -24"><span class='ocrx_word' id='word_1_86' title='bbox 295 1465 477 1548; x_wconf 87' lang='lat' dir='ltr'>ponendum.</span> 
     </span>
    </p>

    <p class='ocr_par' dir='ltr' id='par_1_2' title="bbox 211 1579 1899 2709">
     <span class='ocr_line' id='line_1_9' title="bbox 381 1579 1897 1666; baseline -0.008 -18"><span class='ocrx_word' id='word_1_87' title='bbox 381 1584 417 1666; x_wconf 82' lang='lat'>8)</span> <span class='ocrx_word' id='word_1_88' title='bbox 446 1583 619 1666; x_wconf 87' lang='lat' dir='ltr'>Kopitarius</span> <span class='ocrx_word' id='word_1_89' title='bbox 650 1583 728 1641; x_wconf 88' lang='lat' dir='ltr'>enirn</span> <span class='ocrx_word' id='word_1_90' title='bbox 750 1584 781 1641; x_wconf 91' lang='lat' dir='ltr'>in</span> <span class='ocrx_word' id='word_1_91' title='bbox 811 1583 921 1643; x_wconf 85' lang='lat' dir='ltr'>codicis</span> <span class='ocrx_word' id='word_1_92' title='bbox 951 1579 1108 1642; x_wconf 87' lang='lat' dir='ltr'>collatione</span> <span class='ocrx_word' id='word_1_93' title='bbox 1130 1581 1232 1654; x_wconf 88' lang='lat' dir='ltr'>XLII,</span> <span class='ocrx_word' id='word_1_94' title='bbox 1257 1587 1285 1643; x_wconf 92' lang='grc'>3.</span> <span class='ocrx_word' id='word_1_95' title='bbox 1316 1583 1457 1656; x_wconf 59' lang='lat' dir='ltr'>rationem</span> <span class='ocrx_word' id='word_1_96' title='bbox 1480 1582 1555 1640; x_wconf 81' lang='lat' dir='ltr'>inire</span> <span class='ocrx_word' id='word_1_97' title='bbox 1574 1600 1628 1661; x_wconf 92' lang='lat' dir='ltr'>pro</span> <span class='ocrx_word' id='word_1_98' title='bbox 1650 1581 1724 1638; x_wconf 81' lang='lat' dir='ltr'>inire</span> <span class='ocrx_word' id='word_1_99' title='bbox 1745 1580 1897 1654; x_wconf 81' lang='lat' dir='ltr'>rationem,</span> 
     </span>
     <span class='ocr_line' id='line_1_10' title="bbox 296 1681 1897 1772; baseline -0.006 -21"><span class='ocrx_word' id='word_1_100' title='bbox 296 1713 359 1772; x_wconf 87' lang='lat' dir='ltr'>cap.</span> <span class='ocrx_word' id='word_1_101' title='bbox 382 1695 435 1754; x_wconf 80' lang='grc'>42.</span> <span class='ocrx_word' id='word_1_102' title='bbox 458 1685 550 1749; x_wconf 86' lang='lat' dir='ltr'>multo</span> <span class='ocrx_word' id='word_1_103' title='bbox 575 1712 652 1748; x_wconf 84' lang='lat' dir='ltr'>anno</span> <span class='ocrx_word' id='word_1_104' title='bbox 675 1687 770 1747; x_wconf 83' lang='lat' dir='ltr'>debito</span> <span class='ocrx_word' id='word_1_105' title='bbox 793 1707 848 1770; x_wconf 92' lang='lat' dir='ltr'>pro</span> <span class='ocrx_word' id='word_1_106' title='bbox 871 1684 962 1746; x_wconf 89' lang='lat' dir='ltr'>multo</span> <span class='ocrx_word' id='word_1_107' title='bbox 985 1699 1052 1744; x_wconf 85' lang='lat' dir='ltr'>ante</span> <span class='ocrx_word' id='word_1_108' title='bbox 1073 1681 1179 1756; x_wconf 76' lang='lat' dir='ltr'>debita,</span> <span class='ocrx_word' id='word_1_109' title='bbox 1203 1706 1266 1766; x_wconf 88' lang='lat' dir='ltr'>cap.</span> <span class='ocrx_word' id='word_1_110' title='bbox 1289 1693 1345 1750; x_wconf 82' lang='grc' dir='ltr'>63.Ι</span> <span class='ocrx_word' id='word_1_111' title='bbox 1363 1683 1457 1744; x_wconf 84' lang='lat' dir='ltr'>olr&#39;cm</span> <span class='ocrx_word' id='word_1_112' title='bbox 1478 1684 1514 1744; x_wconf 88' lang='lat' dir='ltr'>ob</span> <span class='ocrx_word' id='word_1_113' title='bbox 1533 1697 1653 1743; x_wconf 80' lang='lat' dir='ltr'>causatu</span> <span class='ocrx_word' id='word_1_114' title='bbox 1671 1705 1726 1766; x_wconf 92' lang='lat' dir='ltr'>pro</span> <span class='ocrx_word' id='word_1_115' title='bbox 1744 1683 1782 1744; x_wconf 83' lang='lat' dir='ltr'>cb</span> <span class='ocrx_word' id='word_1_116' title='bbox 1801 1682 1897 1743; x_wconf 83' lang='lat' dir='ltr'>oliam</span> 
     </span>
     <span class='ocr_line' id='line_1_11' title="bbox 298 1786 1897 1872; baseline -0.005 -18"><span class='ocrx_word' id='word_1_117' title='bbox 298 1818 429 1868; x_wconf 82' lang='lat' dir='ltr'>causam,</span> <span class='ocrx_word' id='word_1_118' title='bbox 452 1792 563 1868; x_wconf 86' lang='lat' dir='ltr'>XLIII,</span> <span class='ocrx_word' id='word_1_119' title='bbox 587 1801 615 1855; x_wconf 89' lang='grc'>3.</span> <span class='ocrx_word' id='word_1_120' title='bbox 639 1805 669 1852; x_wconf 88' lang='lat' dir='ltr'>et</span> <span class='ocrx_word' id='word_1_121' title='bbox 690 1796 719 1856; x_wconf 97' lang='grc'>4.</span> <span class='ocrx_word' id='word_1_122' title='bbox 743 1791 821 1854; x_wconf 81' lang='lat' dir='ltr'>lonc</span> <span class='ocrx_word' id='word_1_123' title='bbox 842 1791 952 1850; x_wconf 82' lang='lat' dir='ltr'>iniectis</span> <span class='ocrx_word' id='word_1_124' title='bbox 973 1803 1087 1847; x_wconf 80' lang='lat' dir='ltr'>tantum</span> <span class='ocrx_word' id='word_1_125' title='bbox 1108 1791 1205 1848; x_wconf 78' lang='lat' dir='ltr'>extitit</span> <span class='ocrx_word' id='word_1_126' title='bbox 1224 1813 1320 1871; x_wconf 82' lang='lat' dir='ltr'>pauor</span> <span class='ocrx_word' id='word_1_127' title='bbox 1341 1809 1395 1872; x_wconf 89' lang='lat' dir='ltr'>pro</span> <span class='ocrx_word' id='word_1_128' title='bbox 1417 1786 1495 1847; x_wconf 82' lang='lat' dir='ltr'>lonc</span> <span class='ocrx_word' id='word_1_129' title='bbox 1516 1789 1590 1846; x_wconf 84' lang='lat' dir='ltr'>iniec</span> <span class='ocrx_word' id='word_1_130' title='bbox 1606 1819 1649 1834; x_wconf 94' lang='lat'>··-</span> <span class='ocrx_word' id='word_1_131' title='bbox 1666 1821 1709 1832; x_wconf 88' lang='lat'>-</span> <span class='ocrx_word' id='word_1_132' title='bbox 1725 1790 1762 1846; x_wconf 85' lang='lat' dir='ltr'>tis</span> <span class='ocrx_word' id='word_1_133' title='bbox 1783 1802 1897 1846; x_wconf 78' lang='lat' dir='ltr'>tonnam</span> 
     </span>
     <span class='ocr_line' id='line_1_12' title="bbox 297 1888 1897 1978; baseline -0.003 -23"><span class='ocrx_word' id='word_1_134' title='bbox 297 1899 394 1957; x_wconf 72' lang='lat' dir='ltr'>extitit</span> <span class='ocrx_word' id='word_1_135' title='bbox 422 1919 533 1977; x_wconf 84' lang='lat' dir='ltr'>pauor,</span> <span class='ocrx_word' id='word_1_136' title='bbox 563 1910 650 1978; x_wconf 88' lang='lat' dir='ltr'>atquo</span> <span class='ocrx_word' id='word_1_137' title='bbox 672 1893 771 1971; x_wconf 88' lang='lat' dir='ltr'>XLV,</span> <span class='ocrx_word' id='word_1_138' title='bbox 794 1902 845 1959; x_wconf 83' lang='lat'>27.</span> <span class='ocrx_word' id='word_1_139' title='bbox 876 1893 926 1952; x_wconf 83' lang='lat' dir='ltr'>ubi</span> <span class='ocrx_word' id='word_1_140' title='bbox 956 1917 1020 1953; x_wconf 91' lang='lat' dir='ltr'>cum</span> <span class='ocrx_word' id='word_1_141' title='bbox 1049 1889 1164 1952; x_wconf 75' lang='lat' dir='ltr'>uidisset</span> <span class='ocrx_word' id='word_1_142' title='bbox 1186 1917 1217 1953; x_wconf 87' lang='lat' dir='ltr'>os</span> <span class='ocrx_word' id='word_1_143' title='bbox 1246 1917 1346 1974; x_wconf 86' lang='lat' dir='ltr'>specus</span> <span class='ocrx_word' id='word_1_144' title='bbox 1366 1913 1422 1975; x_wconf 89' lang='lat' dir='ltr'>pro</span> <span class='ocrx_word' id='word_1_145' title='bbox 1451 1891 1493 1951; x_wconf 81' lang='lat' dir='ltr'>ibi</span> <span class='ocrx_word' id='word_1_146' title='bbox 1515 1915 1578 1950; x_wconf 84' lang='lat' dir='ltr'>cum</span> <span class='ocrx_word' id='word_1_147' title='bbox 1599 1888 1715 1950; x_wconf 74' lang='lat' dir='ltr'>uidisset</span> <span class='ocrx_word' id='word_1_148' title='bbox 1737 1913 1769 1949; x_wconf 85' lang='lat' dir='ltr'>oe</span> <span class='ocrx_word' id='word_1_149' title='bbox 1790 1913 1897 1972; x_wconf 83' lang='lat' dir='ltr'>spectra,</span> 
     </span>
     <span class='ocr_line' id='line_1_13' title="bbox 298 1993 1897 2081; baseline -0.004 -21"><span class='ocrx_word' id='word_1_150' title='bbox 298 1999 392 2060; x_wconf 86' lang='lat' dir='ltr'>codici</span> <span class='ocrx_word' id='word_1_151' title='bbox 414 2021 567 2081; x_wconf 76' lang='lat' dir='ltr'>perperam</span> <span class='ocrx_word' id='word_1_152' title='bbox 590 2000 739 2061; x_wconf 79' lang='lat' dir='ltr'><strong>tribuerat.</strong></span> <span class='ocrx_word' id='word_1_153' title='bbox 784 1997 940 2080; x_wconf 70' lang='lat' dir='ltr'>Propterea</span> <span class='ocrx_word' id='word_1_154' title='bbox 963 1997 1059 2072; x_wconf 90' lang='lat' dir='ltr'>XLII,</span> <span class='ocrx_word' id='word_1_155' title='bbox 1083 1996 1134 2057; x_wconf 89' lang='grc'>42.</span> <span class='ocrx_word' id='word_1_156' title='bbox 1164 2002 1195 2058; x_wconf 92' lang='lat' dir='ltr'>in</span> <span class='ocrx_word' id='word_1_157' title='bbox 1217 2001 1325 2058; x_wconf 89' lang='lat' dir='ltr'>maiore</span> <span class='ocrx_word' id='word_1_158' title='bbox 1347 1998 1429 2058; x_wconf 87' lang='lat' dir='ltr'>Livii</span> <span class='ocrx_word' id='word_1_159' title='bbox 1450 1995 1581 2057; x_wconf 87' lang='lat' dir='ltr'>editione</span> <span class='ocrx_word' id='word_1_160' title='bbox 1602 1994 1708 2056; x_wconf 82' lang='lat' dir='ltr'>multos</span> <span class='ocrx_word' id='word_1_161' title='bbox 1730 2019 1823 2056; x_wconf 83' lang='lat' dir='ltr'>annos</span> <span class='ocrx_word' id='word_1_162' title='bbox 1843 1993 1897 2054; x_wconf 80' lang='lat' dir='ltr'>tle-</span> 
     </span>
     <span class='ocr_line' id='line_1_14' title="bbox 298 2097 1897 2185; baseline -0.004 -21"><span class='ocrx_word' id='word_1_163' title='bbox 298 2104 378 2181; x_wconf 77' lang='lat' dir='ltr'>hira,</span> <span class='ocrx_word' id='word_1_164' title='bbox 402 2118 489 2185; x_wconf 86' lang='lat' dir='ltr'>atque</span> <span class='ocrx_word' id='word_1_165' title='bbox 511 2104 608 2179; x_wconf 88' lang='lat' dir='ltr'>XLV,</span> <span class='ocrx_word' id='word_1_166' title='bbox 632 2113 682 2166; x_wconf 88' lang='grc'>27.</span> <span class='ocrx_word' id='word_1_167' title='bbox 712 2105 743 2162; x_wconf 93' lang='lat' dir='ltr'>in</span> <span class='ocrx_word' id='word_1_168' title='bbox 767 2103 868 2162; x_wconf 88' lang='lat' dir='ltr'>eadem</span> <span class='ocrx_word' id='word_1_169' title='bbox 893 2117 922 2163; x_wconf 87' lang='lat' dir='ltr'>et</span> <span class='ocrx_word' id='word_1_170' title='bbox 944 2104 1057 2166; x_wconf 87' lang='lat' dir='ltr'>minore</span> <span class='ocrx_word' id='word_1_171' title='bbox 1078 2101 1128 2160; x_wconf 82' lang='lat' dir='ltr'>uhi</span> <span class='ocrx_word' id='word_1_172' title='bbox 1149 2125 1235 2184; x_wconf 79' lang='lat' dir='ltr'>quum</span> <span class='ocrx_word' id='word_1_173' title='bbox 1256 2101 1371 2162; x_wconf 78' lang='lat' dir='ltr'>vidisset</span> <span class='ocrx_word' id='word_1_174' title='bbox 1394 2124 1425 2160; x_wconf 87' lang='lat' dir='ltr'>os</span> <span class='ocrx_word' id='word_1_175' title='bbox 1446 2123 1544 2184; x_wconf 85' lang='lat' dir='ltr'>specus</span> <span class='ocrx_word' id='word_1_176' title='bbox 1565 2101 1686 2182; x_wconf 81' lang='lat' dir='ltr'>scripsi,</span> <span class='ocrx_word' id='word_1_177' title='bbox 1713 2099 1765 2160; x_wconf 87' lang='lat' dir='ltr'>sed</span> <span class='ocrx_word' id='word_1_178' title='bbox 1791 2097 1838 2158; x_wconf 89' lang='lat' dir='ltr'>illi</span> <span class='ocrx_word' id='word_1_179' title='bbox 1866 2099 1897 2158; x_wconf 95' lang='lat' dir='ltr'>in</span> 
     </span>
     <span class='ocr_line' id='line_1_15' title="bbox 211 2197 1898 2290; baseline -0.002 -23"><span class='ocrx_word' id='word_1_180' title='bbox 211 2275 217 2288; x_wconf 35' lang='grc' dir='ltr'>ι</span> <span class='ocrx_word' id='word_1_181' title='bbox 296 2207 427 2268; x_wconf 86' lang='lat' dir='ltr'>editione</span> <span class='ocrx_word' id='word_1_182' title='bbox 449 2207 539 2267; x_wconf 89' lang='lat' dir='ltr'>altera</span> <span class='ocrx_word' id='word_1_183' title='bbox 560 2205 714 2290; x_wconf 84' lang='lat' dir='ltr'>vulgatum</span> <span class='ocrx_word' id='word_1_184' title='bbox 737 2209 883 2283; x_wconf 88' lang='lat' dir='ltr'>substitui,</span> <span class='ocrx_word' id='word_1_185' title='bbox 908 2209 1017 2268; x_wconf 91' lang='lat' dir='ltr'>hocin</span> <span class='ocrx_word' id='word_1_186' title='bbox 1040 2205 1145 2268; x_wconf 89' lang='lat' dir='ltr'>Melet.</span> <span class='ocrx_word' id='word_1_187' title='bbox 1167 2208 1229 2268; x_wconf 92' lang='lat' dir='ltr'>crit.</span> <span class='ocrx_word' id='word_1_188' title='bbox 1252 2207 1340 2290; x_wconf 83' lang='lat' dir='ltr'>Spec.</span> <span class='ocrx_word' id='word_1_189' title='bbox 1364 2207 1385 2266; x_wconf 91' lang='lat' dir='ltr'>l.</span> <span class='ocrx_word' id='word_1_190' title='bbox 1403 2228 1434 2288; x_wconf 92' lang='lat' dir='ltr'>p.</span> <span class='ocrx_word' id='word_1_191' title='bbox 1454 2209 1503 2269; x_wconf 90' lang='grc'>14.</span> <span class='ocrx_word' id='word_1_192' title='bbox 1524 2227 1569 2286; x_wconf 85' lang='lat' dir='ltr'>sq.</span> <span class='ocrx_word' id='word_1_193' title='bbox 1586 2205 1752 2265; x_wconf 79' lang='lat' dir='ltr'>retractavi.</span> <span class='ocrx_word' id='word_1_194' title='bbox 1786 2197 1898 2264; x_wconf 75' lang='lat' dir='ltr'>Bauiu-</span> 
     </span>
     <span class='ocr_line' id='line_1_16' title="bbox 299 2307 1899 2393; baseline -0.002 -22"><span class='ocrx_word' id='word_1_195' title='bbox 299 2309 544 2393; x_wconf 79' lang='lat' dir='ltr'>garten-Crusius</span> <span class='ocrx_word' id='word_1_196' title='bbox 567 2313 707 2372; x_wconf 87' lang='lat' dir='ltr'>maiorem</span> <span class='ocrx_word' id='word_1_197' title='bbox 729 2313 810 2374; x_wconf 87' lang='lat' dir='ltr'>Livii</span> <span class='ocrx_word' id='word_1_198' title='bbox 840 2315 1000 2374; x_wconf 86' lang='lat' dir='ltr'>editionem</span> <span class='ocrx_word' id='word_1_199' title='bbox 1023 2327 1142 2374; x_wconf 86' lang='lat' dir='ltr'>secutus</span> <span class='ocrx_word' id='word_1_200' title='bbox 1165 2325 1193 2370; x_wconf 89' lang='lat' dir='ltr'>et</span> <span class='ocrx_word' id='word_1_201' title='bbox 1215 2309 1369 2371; x_wconf 79' lang='lat' dir='ltr'>Beltlterus</span> <span class='ocrx_word' id='word_1_202' title='bbox 1389 2331 1404 2368; x_wconf 88' lang='lat' dir='ltr'>s</span> <span class='ocrx_word' id='word_1_203' title='bbox 1426 2309 1581 2391; x_wconf 82' lang='lat' dir='ltr'>Kopitario</span> <span class='ocrx_word' id='word_1_204' title='bbox 1605 2309 1635 2367; x_wconf 94' lang='lat' dir='ltr'>in</span> <span class='ocrx_word' id='word_1_205' title='bbox 1659 2328 1786 2368; x_wconf 88' lang='lat' dir='ltr'>errorem</span> <span class='ocrx_word' id='word_1_206' title='bbox 1807 2307 1899 2368; x_wconf 87' lang='lat' dir='ltr'>indu-</span> 
     </span>
     <span class='ocr_line' id='line_1_17' title="bbox 298 2413 1897 2498; baseline 0 -23"><span class='ocrx_word' id='word_1_207' title='bbox 298 2429 362 2476; x_wconf 89' lang='lat' dir='ltr'>ctus</span> <span class='ocrx_word' id='word_1_208' title='bbox 383 2429 542 2496; x_wconf 89' lang='lat' dir='ltr'>utrumque</span> <span class='ocrx_word' id='word_1_209' title='bbox 566 2418 757 2478; x_wconf 89' lang='lat' dir='ltr'>retinuerunt.</span> <span class='ocrx_word' id='word_1_210' title='bbox 791 2416 944 2478; x_wconf 80' lang='lat' dir='ltr'>Reltlrerus</span> <span class='ocrx_word' id='word_1_211' title='bbox 967 2413 1064 2478; x_wconf 80' lang='lat' dir='ltr'>autem</span> <span class='ocrx_word' id='word_1_212' title='bbox 1079 2433 1190 2478; x_wconf 88' lang='lat' dir='ltr'>ceteras</span> <span class='ocrx_word' id='word_1_213' title='bbox 1206 2439 1325 2498; x_wconf 90' lang='lat' dir='ltr'>quoque</span> <span class='ocrx_word' id='word_1_214' title='bbox 1340 2415 1484 2476; x_wconf 87' lang='lat' dir='ltr'>lectiones</span> <span class='ocrx_word' id='word_1_215' title='bbox 1502 2435 1589 2498; x_wconf 86' lang='lat' dir='ltr'>supra</span> <span class='ocrx_word' id='word_1_216' title='bbox 1603 2413 1763 2496; x_wconf 88' lang='lat' dir='ltr'>adscriptas</span> <span class='ocrx_word' id='word_1_217' title='bbox 1776 2413 1897 2495; x_wconf 87' lang='lat' dir='ltr'>recepit,</span> 
     </span>
     <span class='ocr_line' id='line_1_18' title="bbox 297 2511 1898 2604; baseline 0.001 -26"><span class='ocrx_word' id='word_1_218' title='bbox 297 2519 430 2600; x_wconf 77' lang='lat' dir='ltr'>adeoque</span> <span class='ocrx_word' id='word_1_219' title='bbox 458 2519 575 2596; x_wconf 90' lang='lat' dir='ltr'>XLIII,</span> <span class='ocrx_word' id='word_1_220' title='bbox 605 2527 634 2582; x_wconf 90' lang='grc'>3.</span> <span class='ocrx_word' id='word_1_221' title='bbox 661 2521 739 2581; x_wconf 81' lang='lat' dir='ltr'>banc</span> <span class='ocrx_word' id='word_1_222' title='bbox 769 2524 878 2581; x_wconf 80' lang='lat' dir='ltr'>iniectis</span> <span class='ocrx_word' id='word_1_223' title='bbox 901 2523 1011 2594; x_wconf 91' lang='lat' dir='ltr'>edidit,</span> <span class='ocrx_word' id='word_1_224' title='bbox 1038 2545 1130 2604; x_wconf 89' lang='lat' dir='ltr'>quum</span> <span class='ocrx_word' id='word_1_225' title='bbox 1160 2542 1295 2604; x_wconf 86' lang='lat' dir='ltr'>magnam</span> <span class='ocrx_word' id='word_1_226' title='bbox 1324 2519 1412 2580; x_wconf 88' lang='lat' dir='ltr'>huius</span> <span class='ocrx_word' id='word_1_227' title='bbox 1440 2517 1507 2578; x_wconf 92' lang='lat' dir='ltr'>libri</span> <span class='ocrx_word' id='word_1_228' title='bbox 1532 2533 1646 2601; x_wconf 89' lang='lat' dir='ltr'>partem</span> <span class='ocrx_word' id='word_1_229' title='bbox 1673 2511 1749 2579; x_wconf 88' lang='lat' dir='ltr'>inter</span> <span class='ocrx_word' id='word_1_230' title='bbox 1770 2517 1898 2600; x_wconf 76' lang='lat' dir='ltr'>syllabae</span> 
     </span>
     <span class='ocr_line' id='line_1_19' title="bbox 296 2622 1899 2709; baseline 0.004 -30"><span class='ocrx_word' id='word_1_231' title='bbox 296 2622 371 2680; x_wconf 80' lang='lat' dir='ltr'>iniec</span> <span class='ocrx_word' id='word_1_232' title='bbox 392 2636 421 2682; x_wconf 90' lang='lat' dir='ltr'>et</span> <span class='ocrx_word' id='word_1_233' title='bbox 442 2624 478 2681; x_wconf 84' lang='lat' dir='ltr'>tis</span> <span class='ocrx_word' id='word_1_234' title='bbox 499 2625 621 2704; x_wconf 87' lang='lat' dir='ltr'>periisse</span> <span class='ocrx_word' id='word_1_235' title='bbox 639 2625 797 2708; x_wconf 80' lang='lat' dir='ltr'>ignoraret.</span> <span class='ocrx_word' id='word_1_236' title='bbox 831 2626 969 2687; x_wconf 89' lang='lat' dir='ltr'>Ceterum</span> <span class='ocrx_word' id='word_1_237' title='bbox 991 2626 1163 2709; x_wconf 85' lang='lat' dir='ltr'>Kopitarius</span> <span class='ocrx_word' id='word_1_238' title='bbox 1188 2647 1248 2684; x_wconf 91' lang='lat' dir='ltr'>non</span> <span class='ocrx_word' id='word_1_239' title='bbox 1268 2623 1364 2685; x_wconf 86' lang='lat' dir='ltr'>solum</span> <span class='ocrx_word' id='word_1_240' title='bbox 1384 2622 1480 2697; x_wconf 85' lang='lat' dir='ltr'>XLII,</span> <span class='ocrx_word' id='word_1_241' title='bbox 1503 2623 1555 2688; x_wconf 89' lang='grc'>42.</span> <span class='ocrx_word' id='word_1_242' title='bbox 1579 2637 1609 2683; x_wconf 89' lang='lat' dir='ltr'>et</span> <span class='ocrx_word' id='word_1_243' title='bbox 1629 2623 1727 2700; x_wconf 90' lang='lat' dir='ltr'>XLV,</span> <span class='ocrx_word' id='word_1_244' title='bbox 1751 2631 1801 2690; x_wconf 79' lang='lat'>27.</span> <span class='ocrx_word' id='word_1_245' title='bbox 1825 2625 1899 2686; x_wconf 85' lang='lat' dir='ltr'>milri</span> 
     </span>
    </p>
   </div>
   <div class='ocr_carea' id='block_1_2' title="bbox 294 2724 1899 2907">
    <p class='ocr_par' dir='ltr' id='par_1_3' title="bbox 294 2724 1899 2907">
     <span class='ocr_line' id='line_1_20' title="bbox 294 2724 1899 2811; baseline 0.004 -29"><span class='ocrx_word' id='word_1_246' title='bbox 294 2724 447 2807; x_wconf 79' lang='lat' dir='ltr'>imposuit,</span> <span class='ocrx_word' id='word_1_247' title='bbox 477 2727 530 2786; x_wconf 89' lang='lat' dir='ltr'>sed</span> <span class='ocrx_word' id='word_1_248' title='bbox 553 2727 640 2786; x_wconf 91' lang='lat' dir='ltr'>etiam</span> <span class='ocrx_word' id='word_1_249' title='bbox 662 2727 764 2802; x_wconf 90' lang='lat' dir='ltr'>XLII,</span> <span class='ocrx_word' id='word_1_250' title='bbox 788 2733 839 2788; x_wconf 82' lang='grc'>28.</span> <span class='ocrx_word' id='word_1_251' title='bbox 862 2729 929 2804; x_wconf 89' lang='lat' dir='ltr'>ubi,</span> <span class='ocrx_word' id='word_1_252' title='bbox 952 2749 1043 2809; x_wconf 87' lang='lat' dir='ltr'>quum</span> <span class='ocrx_word' id='word_1_253' title='bbox 1066 2745 1209 2809; x_wconf 73' lang='lat' dir='ltr'>conpetens</span> <span class='ocrx_word' id='word_1_254' title='bbox 1223 2725 1323 2811; x_wconf 76' lang='lat' dir='ltr'>fuisse</span> <span class='ocrx_word' id='word_1_255' title='bbox 1343 2730 1396 2801; x_wconf 82' lang='lat' dir='ltr'>sui,</span> <span class='ocrx_word' id='word_1_256' title='bbox 1419 2724 1565 2786; x_wconf 89' lang='lat' dir='ltr'>vocabulo</span> <span class='ocrx_word' id='word_1_257' title='bbox 1587 2729 1681 2784; x_wconf 84' lang='lat' dir='ltr'>minus</span> <span class='ocrx_word' id='word_1_258' title='bbox 1704 2729 1826 2802; x_wconf 90' lang='lat' dir='ltr'>omisso,</span> <span class='ocrx_word' id='word_1_259' title='bbox 1859 2747 1899 2788; x_wconf 84' lang='lat' dir='ltr'>ex</span> 
     </span>
     <span class='ocr_line' id='line_1_21' title="bbox 296 2823 1897 2907; baseline -0.001 -19"><span class='ocrx_word' id='word_1_260' title='bbox 296 2831 399 2888; x_wconf 88' lang='lat' dir='ltr'>codice</span> <span class='ocrx_word' id='word_1_261' title='bbox 430 2841 593 2898; x_wconf 82' lang='lat' dir='ltr'>enctasset,</span> <span class='ocrx_word' id='word_1_262' title='bbox 619 2830 650 2883; x_wconf 84' lang='lat' dir='ltr'>in</span> <span class='ocrx_word' id='word_1_263' title='bbox 672 2829 785 2888; x_wconf 88' lang='lat' dir='ltr'>minore</span> <span class='ocrx_word' id='word_1_264' title='bbox 805 2829 886 2884; x_wconf 84' lang='lat' dir='ltr'>Livtt</span> <span class='ocrx_word' id='word_1_265' title='bbox 908 2828 1039 2884; x_wconf 85' lang='lat' dir='ltr'>editione</span> <span class='ocrx_word' id='word_1_266' title='bbox 1069 2829 1193 2906; x_wconf 87' lang='lat' dir='ltr'>scripsi:</span> <span class='ocrx_word' id='word_1_267' title='bbox 1221 2847 1278 2883; x_wconf 84' lang='lat' dir='ltr'>non</span> <span class='ocrx_word' id='word_1_268' title='bbox 1301 2839 1460 2904; x_wconf 84' lang='lat' dir='ltr'>compotem</span> <span class='ocrx_word' id='word_1_269' title='bbox 1484 2823 1593 2907; x_wconf 78' lang='lat' dir='ltr'>fuisse·</span> <span class='ocrx_word' id='word_1_270' title='bbox 1611 2827 1665 2898; x_wconf 80' lang='lat' dir='ltr'>sari,</span> <span class='ocrx_word' id='word_1_271' title='bbox 1692 2825 1773 2907; x_wconf 88' lang='lat' dir='ltr'>qnod</span> <span class='ocrx_word' id='word_1_272' title='bbox 1794 2826 1897 2886; x_wconf 88' lang='lat' dir='ltr'>itidem</span> 
     </span>
    </p>
   </div>
   <div class='ocr_carea' id='block_1_3' title="bbox 293 2944 430 2994">
    <p class='ocr_par' dir='ltr' id='par_1_4' title="bbox 293 2944 430 2994">
     <span class='ocr_line' id='line_1_22' title="bbox 293 2944 430 2994; baseline -0.015 -3"><span class='ocrx_word' id='word_1_273' title='bbox 293 2944 430 2994; x_wconf 88' lang='lat' dir='ltr'>retracto.</span> 
     </span>
    </p>
   </div>
   <div class='ocr_carea' id='block_1_4' title="bbox 294 3057 1898 3572">
    <p class='ocr_par' dir='ltr' id='par_1_5' title="bbox 294 3057 1898 3572">
     <span class='ocr_line' id='line_1_23' title="bbox 380 3057 1898 3151; baseline -0.011 -15"><span class='ocrx_word' id='word_1_274' title='bbox 380 3073 416 3151; x_wconf 79' lang='lat'>9)</span> <span class='ocrx_word' id='word_1_275' title='bbox 440 3070 593 3131; x_wconf 80' lang='lat' dir='ltr'>Beklterus</span> <span class='ocrx_word' id='word_1_276' title='bbox 617 3068 694 3128; x_wconf 89' lang='lat' dir='ltr'>enim</span> <span class='ocrx_word' id='word_1_277' title='bbox 718 3067 841 3128; x_wconf 88' lang='lat' dir='ltr'>editioni</span> <span class='ocrx_word' id='word_1_278' title='bbox 860 3065 987 3148; x_wconf 89' lang='lat' dir='ltr'>principi</span> <span class='ocrx_word' id='word_1_279' title='bbox 1010 3061 1092 3136; x_wconf 90' lang='lat' dir='ltr'>XLI,</span> <span class='ocrx_word' id='word_1_280' title='bbox 1116 3070 1166 3124; x_wconf 86' lang='grc'>21.</span> <span class='ocrx_word' id='word_1_281' title='bbox 1189 3063 1284 3120; x_wconf 87' lang='lat' dir='ltr'>aureis</span> <span class='ocrx_word' id='word_1_282' title='bbox 1305 3057 1432 3120; x_wconf 82' lang='lat' dir='ltr'>maculis</span> <span class='ocrx_word' id='word_1_283' title='bbox 1452 3083 1586 3143; x_wconf 83' lang='lat' dir='ltr'>sparsum</span> <span class='ocrx_word' id='word_1_284' title='bbox 1608 3081 1662 3143; x_wconf 92' lang='lat' dir='ltr'>pro</span> <span class='ocrx_word' id='word_1_285' title='bbox 1687 3061 1752 3120; x_wconf 66' lang='lat' dir='ltr'>oum</span> <span class='ocrx_word' id='word_1_286' title='bbox 1772 3057 1898 3121; x_wconf 85' lang='lat' dir='ltr'>maculis</span> 
     </span>
     <span class='ocr_line' id='line_1_24' title="bbox 294 3163 1897 3263; baseline -0.008 -23"><span class='ocrx_word' id='word_1_287' title='bbox 294 3201 446 3263; x_wconf 85' lang='lat' dir='ltr'>sparsum,</span> <span class='ocrx_word' id='word_1_288' title='bbox 474 3189 503 3234; x_wconf 92' lang='lat' dir='ltr'>et</span> <span class='ocrx_word' id='word_1_289' title='bbox 525 3172 643 3246; x_wconf 91' lang='lat' dir='ltr'>XLIV,</span> <span class='ocrx_word' id='word_1_290' title='bbox 666 3171 697 3234; x_wconf 89' lang='grc'><strong>4.</strong></span> <span class='ocrx_word' id='word_1_291' title='bbox 719 3172 878 3252; x_wconf 78' lang='lat' dir='ltr'>turrimque</span> <span class='ocrx_word' id='word_1_292' title='bbox 899 3165 1025 3226; x_wconf 81' lang='lat' dir='ltr'>Eudieru</span> <span class='ocrx_word' id='word_1_293' title='bbox 1045 3187 1100 3249; x_wconf 93' lang='lat' dir='ltr'>pro</span> <span class='ocrx_word' id='word_1_294' title='bbox 1122 3167 1225 3223; x_wconf 84' lang='lat' dir='ltr'>turrim</span> <span class='ocrx_word' id='word_1_295' title='bbox 1248 3163 1375 3224; x_wconf 82' lang='lat' dir='ltr'>Eudieru</span> <span class='ocrx_word' id='word_1_296' title='bbox 1396 3163 1470 3225; x_wconf 83' lang='lat' dir='ltr'>salso</span> <span class='ocrx_word' id='word_1_297' title='bbox 1493 3166 1604 3226; x_wconf 89' lang='lat' dir='ltr'>tribuit.</span> <span class='ocrx_word' id='word_1_298' title='bbox 1655 3165 1727 3226; x_wconf 89' lang='lat' dir='ltr'>Vid.</span> <span class='ocrx_word' id='word_1_299' title='bbox 1757 3188 1832 3247; x_wconf 87' lang='lat' dir='ltr'>quae</span> <span class='ocrx_word' id='word_1_300' title='bbox 1860 3166 1897 3227; x_wconf 87' lang='lat' dir='ltr'>ad</span> 
     </span>
     <span class='ocr_line' id='line_1_25' title="bbox 296 3259 1897 3361; baseline -0.008 -17"><span class='ocrx_word' id='word_1_301' title='bbox 296 3295 454 3361; x_wconf 87' lang='lat' dir='ltr'>utrumque</span> <span class='ocrx_word' id='word_1_302' title='bbox 474 3276 573 3337; x_wconf 91' lang='lat' dir='ltr'>locum</span> <span class='ocrx_word' id='word_1_303' title='bbox 600 3259 748 3336; x_wconf 77' lang='lat' dir='ltr'>annotavi.</span> <span class='ocrx_word' id='word_1_304' title='bbox 791 3271 890 3333; x_wconf 91' lang='lat' dir='ltr'>Multo</span> <span class='ocrx_word' id='word_1_305' title='bbox 914 3271 1029 3330; x_wconf 88' lang='lat' dir='ltr'>maioris</span> <span class='ocrx_word' id='word_1_306' title='bbox 1051 3283 1148 3329; x_wconf 85' lang='lat' dir='ltr'>autem</span> <span class='ocrx_word' id='word_1_307' title='bbox 1170 3265 1368 3352; x_wconf 84' lang='lat' dir='ltr'>negligentiae</span> <span class='ocrx_word' id='word_1_308' title='bbox 1390 3268 1524 3351; x_wconf 85' lang='lat' dir='ltr'>culpam,</span> <span class='ocrx_word' id='word_1_309' title='bbox 1546 3284 1578 3330; x_wconf 92' lang='lat' dir='ltr'>ut</span> <span class='ocrx_word' id='word_1_310' title='bbox 1600 3268 1655 3330; x_wconf 83' lang='lat' dir='ltr'>alia</span> <span class='ocrx_word' id='word_1_311' title='bbox 1677 3285 1799 3346; x_wconf 83' lang='lat' dir='ltr'>taceam,</span> <span class='ocrx_word' id='word_1_312' title='bbox 1822 3293 1897 3332; x_wconf 93' lang='lat' dir='ltr'>con·</span> 
     </span>
     <span class='ocr_line' id='line_1_26' title="bbox 297 3371 1896 3460; baseline -0.008 -12"><span class='ocrx_word' id='word_1_313' title='bbox 297 3387 387 3448; x_wconf 87' lang='lat' dir='ltr'>traxit</span> <span class='ocrx_word' id='word_1_314' title='bbox 408 3387 440 3445; x_wconf 93' lang='lat' dir='ltr'>in</span> <span class='ocrx_word' id='word_1_315' title='bbox 467 3379 704 3442; x_wconf 76' lang='lat' dir='ltr'>annotationibus</span> <span class='ocrx_word' id='word_1_316' title='bbox 732 3378 767 3436; x_wconf 90' lang='lat' dir='ltr'>ad</span> <span class='ocrx_word' id='word_1_317' title='bbox 798 3374 901 3449; x_wconf 91' lang='lat' dir='ltr'>XLII,</span> <span class='ocrx_word' id='word_1_318' title='bbox 924 3373 974 3434; x_wconf 87' lang='grc'>34.</span> <span class='ocrx_word' id='word_1_319' title='bbox 998 3386 1028 3432; x_wconf 91' lang='lat' dir='ltr'>et</span> <span class='ocrx_word' id='word_1_320' title='bbox 1049 3375 1101 3436; x_wconf 85' lang='grc'>43.</span> <span class='ocrx_word' id='word_1_321' title='bbox 1125 3386 1212 3451; x_wconf 90' lang='lat' dir='ltr'>atque</span> <span class='ocrx_word' id='word_1_322' title='bbox 1235 3371 1345 3449; x_wconf 90' lang='lat' dir='ltr'>XLIII,</span> <span class='ocrx_word' id='word_1_323' title='bbox 1370 3377 1418 3437; x_wconf 84' lang='grc'>14.</span> <span class='ocrx_word' id='word_1_324' title='bbox 1447 3375 1497 3434; x_wconf 91' lang='lat' dir='ltr'>ubi</span> <span class='ocrx_word' id='word_1_325' title='bbox 1520 3373 1660 3452; x_wconf 82' lang='lat' dir='ltr'>ordinem,</span> <span class='ocrx_word' id='word_1_326' title='bbox 1690 3379 1767 3460; x_wconf 77' lang='lat' dir='ltr'>queis</span> <span class='ocrx_word' id='word_1_327' title='bbox 1788 3391 1817 3437; x_wconf 90' lang='lat' dir='ltr'>et</span> <span class='ocrx_word' id='word_1_328' title='bbox 1840 3378 1896 3436; x_wconf 85' lang='lat' dir='ltr'>tri-</span> 
     </span>
     <span class='ocr_line' id='line_1_27' title="bbox 298 3475 1897 3572; baseline -0.009 -19"><span class='ocrx_word' id='word_1_329' title='bbox 298 3494 382 3567; x_wconf 78' lang='lat' dir='ltr'>bunr&#39;,</span> <span class='ocrx_word' id='word_1_330' title='bbox 416 3511 492 3572; x_wconf 88' lang='lat' dir='ltr'>quae</span> <span class='ocrx_word' id='word_1_331' title='bbox 521 3488 552 3546; x_wconf 93' lang='lat' dir='ltr'>in</span> <span class='ocrx_word' id='word_1_332' title='bbox 573 3483 702 3546; x_wconf 86' lang='lat' dir='ltr'>editione</span> <span class='ocrx_word' id='word_1_333' title='bbox 723 3479 857 3562; x_wconf 85' lang='lat' dir='ltr'>principe</span> <span class='ocrx_word' id='word_1_334' title='bbox 879 3475 1034 3558; x_wconf 85' lang='lat' dir='ltr'>leguntur,</span> <span class='ocrx_word' id='word_1_335' title='bbox 1060 3495 1114 3557; x_wconf 91' lang='lat' dir='ltr'>pro</span> <span class='ocrx_word' id='word_1_336' title='bbox 1137 3475 1246 3551; x_wconf 80' lang='lat' dir='ltr'>ordine,</span> <span class='ocrx_word' id='word_1_337' title='bbox 1269 3479 1332 3559; x_wconf 82' lang='lat' dir='ltr'>quir</span> <span class='ocrx_word' id='word_1_338' title='bbox 1361 3491 1390 3536; x_wconf 95' lang='lat' dir='ltr'>et</span> <span class='ocrx_word' id='word_1_339' title='bbox 1415 3491 1563 3558; x_wconf 85' lang='lat' dir='ltr'>praetores</span> <span class='ocrx_word' id='word_1_340' title='bbox 1592 3480 1622 3538; x_wconf 92' lang='lat' dir='ltr'>in</span> <span class='ocrx_word' id='word_1_341' title='bbox 1645 3479 1747 3540; x_wconf 89' lang='lat' dir='ltr'>codice</span> <span class='ocrx_word' id='word_1_342' title='bbox 1774 3479 1897 3562; x_wconf 87' lang='lat' dir='ltr'>reperiri</span> 
     </span>
    </p>
   </div>
   <div class='ocr_carea' id='block_1_5' title="bbox 296 3596 1897 4859">
    <p class='ocr_par' dir='ltr' id='par_1_6' title="bbox 296 3596 442 3688">
     <span class='ocr_line' id='line_1_28' title="bbox 296 3596 442 3688; baseline -0.048 -30"><span class='ocrx_word' id='word_1_343' title='bbox 296 3596 442 3688; x_wconf 70' lang='lat' dir='ltr'>perhibpt.</span> 
     </span>
    </p>

    <p class='ocr_par' dir='ltr' id='par_1_7' title="bbox 297 3715 1897 4859">
     <span class='ocr_line' id='line_1_29' title="bbox 384 3715 1897 3816; baseline -0.019 -21"><span class='ocrx_word' id='word_1_344' title='bbox 384 3733 441 3816; x_wconf 87' lang='lat' dir='ltr'>to)</span> <span class='ocrx_word' id='word_1_345' title='bbox 464 3729 578 3791; x_wconf 86' lang='lat' dir='ltr'>Placuit</span> <span class='ocrx_word' id='word_1_346' title='bbox 600 3725 648 3784; x_wconf 92' lang='lat' dir='ltr'>hic</span> <span class='ocrx_word' id='word_1_347' title='bbox 671 3723 815 3784; x_wconf 88' lang='lat' dir='ltr'>subiicere</span> <span class='ocrx_word' id='word_1_348' title='bbox 838 3719 964 3780; x_wconf 89' lang='lat' dir='ltr'>indicem</span> <span class='ocrx_word' id='word_1_349' title='bbox 986 3715 1156 3792; x_wconf 88' lang='lat' dir='ltr'>lectionum,</span> <span class='ocrx_word' id='word_1_350' title='bbox 1178 3738 1250 3798; x_wconf 90' lang='lat' dir='ltr'>quas</span> <span class='ocrx_word' id='word_1_351' title='bbox 1267 3716 1421 3778; x_wconf 83' lang='lat' dir='ltr'>Beklterus</span> <span class='ocrx_word' id='word_1_352' title='bbox 1443 3731 1558 3799; x_wconf 87' lang='lat' dir='ltr'>praeter</span> <span class='ocrx_word' id='word_1_353' title='bbox 1580 3730 1692 3778; x_wconf 83' lang='lat' dir='ltr'>nostras</span> <span class='ocrx_word' id='word_1_354' title='bbox 1713 3717 1897 3780; x_wconf 87' lang='lat' dir='ltr'>emendatio.</span> 
     </span>
     <span class='ocr_line' id='line_1_30' title="bbox 297 3817 1896 3915; baseline -0.018 -12"><span class='ocrx_word' id='word_1_355' title='bbox 297 3863 352 3902; x_wconf 88' lang='lat' dir='ltr'>nes</span> <span class='ocrx_word' id='word_1_356' title='bbox 380 3838 468 3898; x_wconf 90' lang='lat' dir='ltr'>tacite</span> <span class='ocrx_word' id='word_1_357' title='bbox 500 3833 636 3915; x_wconf 88' lang='lat' dir='ltr'>probatas</span> <span class='ocrx_word' id='word_1_358' title='bbox 666 3826 850 3907; x_wconf 88' lang='lat' dir='ltr'>aliorumque</span> <span class='ocrx_word' id='word_1_359' title='bbox 879 3825 1062 3884; x_wconf 89' lang='lat' dir='ltr'>coniecturas</span> <span class='ocrx_word' id='word_1_360' title='bbox 1092 3817 1264 3878; x_wconf 88' lang='lat' dir='ltr'>nominatim</span> <span class='ocrx_word' id='word_1_361' title='bbox 1297 3833 1538 3880; x_wconf 88' lang='lat' dir='ltr'>commemoratas</span> <span class='ocrx_word' id='word_1_362' title='bbox 1567 3819 1673 3901; x_wconf 87' lang='lat' dir='ltr'>partim</span> <span class='ocrx_word' id='word_1_363' title='bbox 1709 3817 1841 3878; x_wconf 89' lang='lat' dir='ltr'>codicem</span> <span class='ocrx_word' id='word_1_364' title='bbox 1866 3834 1896 3881; x_wconf 78' lang='lat' dir='ltr'>et</span> 
     </span>
     <span class='ocr_line' id='line_1_31' title="bbox 298 3922 1895 4025; baseline -0.02 -14"><span class='ocrx_word' id='word_1_365' title='bbox 298 3951 458 4010; x_wconf 87' lang='lat' dir='ltr'>editionem</span> <span class='ocrx_word' id='word_1_366' title='bbox 488 3939 672 4025; x_wconf 88' lang='lat' dir='ltr'>principem,</span> <span class='ocrx_word' id='word_1_367' title='bbox 705 3929 810 4017; x_wconf 75' lang='lat' dir='ltr'>pristim</span> <span class='ocrx_word' id='word_1_368' title='bbox 839 3935 971 3994; x_wconf 87' lang='lat' dir='ltr'>virorum</span> <span class='ocrx_word' id='word_1_369' title='bbox 1004 3930 1158 3990; x_wconf 88' lang='lat' dir='ltr'>doctorum</span> <span class='ocrx_word' id='word_1_370' title='bbox 1188 3926 1371 3987; x_wconf 84' lang='lat' dir='ltr'>coniecturas</span> <span class='ocrx_word' id='word_1_371' title='bbox 1397 3938 1515 3986; x_wconf 88' lang='lat' dir='ltr'>secutus</span> <span class='ocrx_word' id='word_1_372' title='bbox 1542 3924 1644 3984; x_wconf 89' lang='lat' dir='ltr'>itidem</span> <span class='ocrx_word' id='word_1_373' title='bbox 1665 3922 1752 3982; x_wconf 93' lang='lat' dir='ltr'>tacite</span> <span class='ocrx_word' id='word_1_374' title='bbox 1774 3923 1895 4020; x_wconf 55' lang='lat' dir='ltr'>recepit,</span> 
     </span>
     <span class='ocr_line' id='line_1_32' title="bbox 298 4027 1895 4130; baseline -0.036 4"><span class='ocrx_word' id='word_1_375' title='bbox 298 4051 390 4130; x_wconf 62' lang='lat' dir='ltr'>XLI,</span> <span class='ocrx_word' id='word_1_376' title='bbox 419 4060 448 4114; x_wconf 78' lang='lat'>2·</span> <span class='ocrx_word' id='word_1_377' title='bbox 471 4039 613 4124; x_wconf 61' lang='lat' dir='ltr'>ine“VIII</span> <span class='ocrx_word' id='word_1_378' title='bbox 644 4041 749 4098; x_wconf 77' lang='lat' dir='ltr'>inermi</span> <span class='ocrx_word' id='word_1_379' title='bbox 778 4037 870 4100; x_wconf 85' lang='lat' dir='ltr'>Gron.</span> <span class='ocrx_word' id='word_1_380' title='bbox 899 4071 942 4083; x_wconf 92' lang='lat'><em>-</em></span> <span class='ocrx_word' id='word_1_381' title='bbox 971 4059 1035 4120; x_wconf 78' lang='lat' dir='ltr'>cap.</span> <span class='ocrx_word' id='word_1_382' title='bbox 1059 4042 1088 4099; x_wconf 90' lang='grc'>3.</span> <span class='ocrx_word' id='word_1_383' title='bbox 1114 4049 1184 4096; x_wconf 87' lang='lat' dir='ltr'>tunc</span> <span class='ocrx_word' id='word_1_384' title='bbox 1213 4031 1355 4112; x_wconf 90' lang='lat' dir='ltr'>demum]</span> <span class='ocrx_word' id='word_1_385' title='bbox 1385 4048 1444 4092; x_wconf 88' lang='lat' dir='ltr'>tum</span> <span class='ocrx_word' id='word_1_386' title='bbox 1467 4030 1580 4089; x_wconf 65' lang='lat' dir='ltr'>&amp;mum</span> <span class='ocrx_word' id='word_1_387' title='bbox 1603 4027 1690 4089; x_wconf 73' lang='lat' dir='ltr'>Creo.</span> <span class='ocrx_word' id='word_1_388' title='bbox 1712 4061 1755 4076; x_wconf 88' lang='lat'><em>-</em></span> <span class='ocrx_word' id='word_1_389' title='bbox 1778 4051 1841 4111; x_wconf 70' lang='lat' dir='ltr'>cap,</span> <span class='ocrx_word' id='word_1_390' title='bbox 1866 4039 1895 4094; x_wconf 76' lang='grc'>6,</span> 
     </span>
     <span class='ocr_line' id='line_1_33' title="bbox 299 4131 1895 4233; baseline -0.018 -16"><span class='ocrx_word' id='word_1_391' title='bbox 299 4149 427 4233; x_wconf 86' lang='lat' dir='ltr'>ditione]</span> <span class='ocrx_word' id='word_1_392' title='bbox 450 4148 562 4208; x_wconf 79' lang='lat' dir='ltr'>dicione</span> <span class='ocrx_word' id='word_1_393' title='bbox 584 4143 659 4204; x_wconf 88' lang='lat' dir='ltr'>Cod.</span> <span class='ocrx_word' id='word_1_394' title='bbox 681 4141 730 4202; x_wconf 83' lang='lat' dir='ltr'>Sic</span> <span class='ocrx_word' id='word_1_395' title='bbox 753 4141 874 4220; x_wconf 86' lang='lat' dir='ltr'>ubique.</span> <span class='ocrx_word' id='word_1_396' title='bbox 893 4173 936 4184; x_wconf 90' lang='lat'>—</span> <span class='ocrx_word' id='word_1_397' title='bbox 953 4159 1017 4219; x_wconf 86' lang='lat' dir='ltr'>cap.</span> <span class='ocrx_word' id='word_1_398' title='bbox 1036 4141 1066 4197; x_wconf 78' lang='lat'>7.</span> <span class='ocrx_word' id='word_1_399' title='bbox 1087 4135 1205 4216; x_wconf 87' lang='lat' dir='ltr'>quando</span> <span class='ocrx_word' id='word_1_400' title='bbox 1226 4136 1256 4196; x_wconf 91' lang='lat' dir='ltr'>id</span> <span class='ocrx_word' id='word_1_401' title='bbox 1279 4134 1414 4218; x_wconf 88' lang='lat' dir='ltr'>bellum]</span> <span class='ocrx_word' id='word_1_402' title='bbox 1444 4133 1546 4194; x_wconf 83' lang='lat' dir='ltr'>Altero</span> <span class='ocrx_word' id='word_1_403' title='bbox 1568 4131 1634 4192; x_wconf 88' lang='lat' dir='ltr'>loco</span> <span class='ocrx_word' id='word_1_404' title='bbox 1661 4131 1746 4194; x_wconf 89' lang='lat' dir='ltr'>uncis</span> <span class='ocrx_word' id='word_1_405' title='bbox 1773 4131 1895 4194; x_wconf 80' lang='lat' dir='ltr'>inclusa.</span> 
     </span>
     <span class='ocr_line' id='line_1_34' title="bbox 298 4229 1895 4336; baseline -0.024 -28"><span class='ocrx_word' id='word_1_406' title='bbox 298 4295 343 4307; x_wconf 93' lang='lat'>...</span> <span class='ocrx_word' id='word_1_407' title='bbox 364 4277 427 4336; x_wconf 91' lang='lat' dir='ltr'>cap.</span> <span class='ocrx_word' id='word_1_408' title='bbox 453 4261 482 4316; x_wconf 86' lang='grc'>8.</span> <span class='ocrx_word' id='word_1_409' title='bbox 505 4243 677 4328; x_wconf 85' lang='lat' dir='ltr'>Quinctius]</span> <span class='ocrx_word' id='word_1_410' title='bbox 705 4229 837 4324; x_wconf 74' lang='lat' dir='ltr'>Quintius</span> <span class='ocrx_word' id='word_1_411' title='bbox 859 4243 932 4304; x_wconf 88' lang='lat' dir='ltr'>Cod.</span> <span class='ocrx_word' id='word_1_412' title='bbox 954 4244 1043 4302; x_wconf 79' lang='lat' dir='ltr'>Frob.</span> <span class='ocrx_word' id='word_1_413' title='bbox 1063 4252 1089 4304; x_wconf 91' lang='grc'>1.</span> <span class='ocrx_word' id='word_1_414' title='bbox 1113 4240 1162 4301; x_wconf 87' lang='lat' dir='ltr'>Sic</span> <span class='ocrx_word' id='word_1_415' title='bbox 1183 4243 1302 4322; x_wconf 86' lang='lat' dir='ltr'>ubique.</span> <span class='ocrx_word' id='word_1_416' title='bbox 1320 4275 1364 4286; x_wconf 91' lang='lat'>-</span> <span class='ocrx_word' id='word_1_417' title='bbox 1388 4262 1451 4322; x_wconf 78' lang='lat' dir='ltr'>esp.</span> <span class='ocrx_word' id='word_1_418' title='bbox 1476 4246 1525 4301; x_wconf 68' lang='grc' dir='ltr'>ιο,</span> <span class='ocrx_word' id='word_1_419' title='bbox 1548 4233 1647 4318; x_wconf 59' lang='lat' dir='ltr'>rediit]</span> <span class='ocrx_word' id='word_1_420' title='bbox 1672 4234 1744 4294; x_wconf 64' lang='lat' dir='ltr'>ml„</span> <span class='ocrx_word' id='word_1_421' title='bbox 1767 4235 1840 4297; x_wconf 45' lang='lat' dir='ltr'><strong>cod·</strong></span> <span class='ocrx_word' id='word_1_422' title='bbox 1856 4271 1895 4287; x_wconf 67' lang='grc'>,-</span> 
     </span>
     <span class='ocr_line' id='line_1_35' title="bbox 300 4336 1896 4445; baseline -0.035 3"><span class='ocrx_word' id='word_1_423' title='bbox 300 4385 364 4445; x_wconf 74' lang='lat' dir='ltr'>⁰⁸P·</span> <span class='ocrx_word' id='word_1_424' title='bbox 389 4367 437 4424; x_wconf 68' lang='grc' dir='ltr'>Η·</span> <span class='ocrx_word' id='word_1_425' title='bbox 467 4348 694 4436; x_wconf 62' lang='grc' dir='ltr'>οιἸ)“ἓ“”“ῑ“”]</span> <span class='ocrx_word' id='word_1_426' title='bbox 721 4362 888 4431; x_wconf 59' lang='grc' dir='ltr'><strong>ΟΡΡΙἯΜΜ</strong></span> <span class='ocrx_word' id='word_1_427' title='bbox 915 4346 988 4406; x_wconf 71' lang='lat' dir='ltr'>C0d·</span> <span class='ocrx_word' id='word_1_428' title='bbox 1021 4347 1108 4406; x_wconf 70' lang='lat' dir='ltr'>F10b·</span> <span class='ocrx_word' id='word_1_429' title='bbox 1130 4352 1157 4407; x_wconf 80' lang='grc' dir='ltr'>ί·</span> <span class='ocrx_word' id='word_1_430' title='bbox 1186 4377 1227 4390; x_wconf 92' lang='grc'>-</span> <span class='ocrx_word' id='word_1_431' title='bbox 1249 4367 1313 4426; x_wconf 86' lang='lat' dir='ltr'>cap.</span> <span class='ocrx_word' id='word_1_432' title='bbox 1339 4351 1387 4409; x_wconf 85' lang='grc'>13.</span> <span class='ocrx_word' id='word_1_433' title='bbox 1417 4356 1518 4424; x_wconf 90' lang='lat' dir='ltr'>captus</span> <span class='ocrx_word' id='word_1_434' title='bbox 1540 4343 1564 4402; x_wconf 92' lang='lat' dir='ltr'>is</span> <span class='ocrx_word' id='word_1_435' title='bbox 1585 4336 1675 4424; x_wconf 86' lang='lat' dir='ltr'>ager]</span> <span class='ocrx_word' id='word_1_436' title='bbox 1706 4354 1807 4421; x_wconf 73' lang='lat' dir='ltr'>coptus</span> <span class='ocrx_word' id='word_1_437' title='bbox 1825 4365 1896 4423; x_wconf 70' lang='lat' dir='ltr'>age,-</span> 
     </span>
     <span class='ocr_line' id='line_1_36' title="bbox 300 4445 1895 4546; baseline -0.026 -14"><span class='ocrx_word' id='word_1_438' title='bbox 300 4469 375 4532; x_wconf 86' lang='lat' dir='ltr'>Cod.</span> <span class='ocrx_word' id='word_1_439' title='bbox 403 4495 437 4508; x_wconf 93' lang='lat'>-</span> <span class='ocrx_word' id='word_1_440' title='bbox 464 4481 527 4540; x_wconf 89' lang='lat' dir='ltr'>cap.</span> <span class='ocrx_word' id='word_1_441' title='bbox 552 4458 601 4519; x_wconf 91' lang='grc'>14.</span> <span class='ocrx_word' id='word_1_442' title='bbox 623 4451 794 4532; x_wconf 87' lang='lat' dir='ltr'>retulisset]</span> <span class='ocrx_word' id='word_1_443' title='bbox 818 4447 979 4510; x_wconf 82' lang='lat' dir='ltr'>rettulisset.</span> <span class='ocrx_word' id='word_1_444' title='bbox 1022 4451 1089 4510; x_wconf 93' lang='lat' dir='ltr'>Hoc</span> <span class='ocrx_word' id='word_1_445' title='bbox 1112 4447 1181 4508; x_wconf 88' lang='lat' dir='ltr'>alibi</span> <span class='ocrx_word' id='word_1_446' title='bbox 1202 4451 1233 4506; x_wconf 90' lang='lat' dir='ltr'>in</span> <span class='ocrx_word' id='word_1_447' title='bbox 1257 4447 1357 4546; x_wconf 63' lang='lat' dir='ltr'>codice</span> <span class='ocrx_word' id='word_1_448' title='bbox 1376 4446 1500 4532; x_wconf 83' lang='lat' dir='ltr'>legitur,</span> <span class='ocrx_word' id='word_1_449' title='bbox 1529 4445 1626 4506; x_wconf 87' lang='lat' dir='ltr'>ethic</span> <span class='ocrx_word' id='word_1_450' title='bbox 1656 4464 1775 4526; x_wconf 70' lang='lat' dir='ltr'>quoque</span> <span class='ocrx_word' id='word_1_451' title='bbox 1798 4445 1828 4504; x_wconf 75' lang='lat' dir='ltr'>in</span> <span class='ocrx_word' id='word_1_452' title='bbox 1859 4467 1895 4506; x_wconf 67' lang='lat'>00</span> 
     </span>
     <span class='ocr_line' id='line_1_37' title="bbox 298 4549 1895 4658; baseline -0.019 -19"><span class='ocrx_word' id='word_1_453' title='bbox 298 4572 423 4658; x_wconf 87' lang='lat' dir='ltr'>reperiri</span> <span class='ocrx_word' id='word_1_454' title='bbox 443 4565 587 4648; x_wconf 84' lang='lat' dir='ltr'>suspicor.</span> <span class='ocrx_word' id='word_1_455' title='bbox 609 4595 651 4606; x_wconf 90' lang='lat'>--</span> <span class='ocrx_word' id='word_1_456' title='bbox 673 4582 737 4642; x_wconf 89' lang='lat' dir='ltr'>cap.</span> <span class='ocrx_word' id='word_1_457' title='bbox 762 4567 812 4622; x_wconf 79' lang='grc'>13.</span> <span class='ocrx_word' id='word_1_458' title='bbox 835 4557 872 4616; x_wconf 88' lang='lat' dir='ltr'>de</span> <span class='ocrx_word' id='word_1_459' title='bbox 893 4557 939 4616; x_wconf 90' lang='lat' dir='ltr'>his</span> <span class='ocrx_word' id='word_1_460' title='bbox 961 4553 1070 4634; x_wconf 89' lang='lat' dir='ltr'>rebus]</span> <span class='ocrx_word' id='word_1_461' title='bbox 1095 4551 1130 4612; x_wconf 74' lang='lat' dir='ltr'>ale</span> <span class='ocrx_word' id='word_1_462' title='bbox 1150 4556 1186 4612; x_wconf 82' lang='lat' dir='ltr'>iis</span> <span class='ocrx_word' id='word_1_463' title='bbox 1209 4550 1289 4609; x_wconf 81' lang='lat' dir='ltr'>rebus</span> <span class='ocrx_word' id='word_1_464' title='bbox 1312 4549 1386 4610; x_wconf 89' lang='lat' dir='ltr'>Cod.</span> <span class='ocrx_word' id='word_1_465' title='bbox 1407 4586 1450 4596; x_wconf 90' lang='lat'>—</span> <span class='ocrx_word' id='word_1_466' title='bbox 1472 4573 1536 4632; x_wconf 89' lang='lat' dir='ltr'>cap.</span> <span class='ocrx_word' id='word_1_467' title='bbox 1567 4558 1618 4613; x_wconf 88' lang='grc'>21.</span> <span class='ocrx_word' id='word_1_468' title='bbox 1648 4570 1715 4608; x_wconf 90' lang='lat' dir='ltr'>cum</span> <span class='ocrx_word' id='word_1_469' title='bbox 1737 4549 1814 4610; x_wconf 91' lang='lat' dir='ltr'>iusto</span> <span class='ocrx_word' id='word_1_470' title='bbox 1836 4573 1895 4611; x_wconf 89' lang='lat' dir='ltr'>nu-</span> 
     </span>
     <span class='ocr_line' id='line_1_38' title="bbox 301 4651 1894 4758; baseline -0.031 -17"><span class='ocrx_word' id='word_1_471' title='bbox 301 4673 406 4758; x_wconf 89' lang='lat' dir='ltr'>mero]</span> <span class='ocrx_word' id='word_1_472' title='bbox 435 4695 499 4734; x_wconf 89' lang='lat' dir='ltr'>cum</span> <span class='ocrx_word' id='word_1_473' title='bbox 529 4665 612 4728; x_wconf 90' lang='lat' dir='ltr'>uncis</span> <span class='ocrx_word' id='word_1_474' title='bbox 637 4661 795 4725; x_wconf 85' lang='lat' dir='ltr'>inclusum.</span> <span class='ocrx_word' id='word_1_475' title='bbox 826 4695 868 4708; x_wconf 92' lang='lat'>-·</span> <span class='ocrx_word' id='word_1_476' title='bbox 897 4684 960 4743; x_wconf 86' lang='lat' dir='ltr'>cap.</span> <span class='ocrx_word' id='word_1_477' title='bbox 991 4667 1042 4722; x_wconf 87' lang='lat'>22.</span> <span class='ocrx_word' id='word_1_478' title='bbox 1071 4652 1273 4736; x_wconf 82' lang='lat' dir='ltr'>simultatum]</span> <span class='ocrx_word' id='word_1_479' title='bbox 1303 4653 1504 4716; x_wconf 82' lang='lat' dir='ltr'>simultatium.</span> <span class='ocrx_word' id='word_1_480' title='bbox 1530 4687 1572 4700; x_wconf 91' lang='lat'><em>-</em></span> <span class='ocrx_word' id='word_1_481' title='bbox 1599 4673 1662 4734; x_wconf 73' lang='lat' dir='ltr'>cap.</span> <span class='ocrx_word' id='word_1_482' title='bbox 1689 4653 1739 4716; x_wconf 76' lang='lat'>24,</span> <span class='ocrx_word' id='word_1_483' title='bbox 1767 4651 1894 4712; x_wconf 57' lang='lat' dir='ltr'>sactum,</span> 
     </span>
     <span class='ocr_line' id='line_1_39' title="bbox 302 4753 1893 4859; baseline -0.019 -17"><span class='ocrx_word' id='word_1_484' title='bbox 302 4775 417 4859; x_wconf 77' lang='lat' dir='ltr'>luem]</span> <span class='ocrx_word' id='word_1_485' title='bbox 442 4772 583 4858; x_wconf 83' lang='lat' dir='ltr'>facturus</span> <span class='ocrx_word' id='word_1_486' title='bbox 603 4764 702 4852; x_wconf 82' lang='lat' dir='ltr'>jirerit</span> <span class='ocrx_word' id='word_1_487' title='bbox 724 4763 827 4846; x_wconf 81' lang='lat' dir='ltr'>Sigon.</span> <span class='ocrx_word' id='word_1_488' title='bbox 850 4797 892 4810; x_wconf 91' lang='lat'>-·</span> <span class='ocrx_word' id='word_1_489' title='bbox 914 4762 985 4823; x_wconf 91' lang='lat' dir='ltr'>ibid.</span> <span class='ocrx_word' id='word_1_490' title='bbox 1009 4753 1145 4844; x_wconf 85' lang='lat' dir='ltr'>Elatiae]</span> <span class='ocrx_word' id='word_1_491' title='bbox 1169 4757 1300 4819; x_wconf 82' lang='lat' dir='ltr'>Eloteae.</span> <span class='ocrx_word' id='word_1_492' title='bbox 1330 4791 1371 4805; x_wconf 89' lang='lat'><em>-</em></span> <span class='ocrx_word' id='word_1_493' title='bbox 1399 4757 1472 4818; x_wconf 91' lang='lat' dir='ltr'>ibid.</span> <span class='ocrx_word' id='word_1_494' title='bbox 1502 4780 1540 4818; x_wconf 90' lang='lat' dir='ltr'>ne</span> <span class='ocrx_word' id='word_1_495' title='bbox 1561 4755 1765 4818; x_wconf 89' lang='lat' dir='ltr'>interdictione</span> <span class='ocrx_word' id='word_1_496' title='bbox 1791 4753 1893 4814; x_wconf 85' lang='lat' dir='ltr'>finiunt</span> 
     </span>
    </p>
   </div>
   <div class='ocr_carea' id='block_1_6' title="bbox 0 0 2390 5988">
    <p class='ocr_par' dir='ltr' id='par_1_8' title="bbox 0 0 2390 5988">
     <span class='ocr_line' id='line_1_40' title="bbox 0 0 2390 5988; baseline 0 0"><span class='ocrx_word' id='word_1_497' title='bbox 0 0 2390 5988; x_wconf 95' lang='lat' dir='ltr'> </span> 
     </span>
    </p>
   </div>
  </div>
 </body>
</html>
