4814 5970
467 883 577 954 -M
593 883 701 953 laires
751 883 800 952 Dr
828 903 894 950 aurs
913 883 1058 948 smerdes
1080 887 1135 948 deo
1163 882 1264 948 aare
1284 893 1439 966 prooem
1464 889 1528 969 [aar
1553 900 1632 968 pons
1659 884 1831 950 misterio
1851 885 2083 963 Bruclrtrtclres,

469 988 574 1060 utlaio
594 995 629 1058 uls
647 993 755 1057 diesem
776 987 861 1056 ratu
881 1006 913 1055 so
932 989 1009 1054 eote
1028 995 1310 1062 zusammrorrures,
1330 1005 1387 1069 par
1404 989 1473 1052 lein
1493 992 1617 1052 ieamer
1637 985 1895 1072 [mammendorp
1916 989 2083 1056 mdcltls‘cd

469 1102 526 1174 iit,
546 1115 579 1161 so
602 1095 653 1162 tta
677 1095 726 1166 rat
744 1099 891 1178 peractor
920 1093 973 1157 dos
1000 1093 1118 1157 llrstere
1145 1091 1355 1156 oazuneimen.
1407 1093 1529 1156 Dorcas
1558 1091 1653 1174 salpe,
1675 1095 1743 1156 does
1770 1097 1823 1158 der
1845 1095 1906 1158 ulte
1932 1093 2006 1160 fect
2032 1099 2085 1160 der

464 1197 600 1282 irrupto
621 1195 774 1264 Keirser'te
789 1199 855 1263 den
877 1199 998 1281 dnsanp
1026 1199 1133 1263 roualt.
1143 1204 1162 1232 ‘¹
1210 1194 1371 1277 Propterea
1399 1191 1531 1255 Pertzius
1557 1193 1673 1258 tertiam
1700 1205 1729 1257 ct
1753 1203 1889 1278 quartam
1920 1199 2084 1263 colmnaam

470 1295 587 1389 primae
607 1309 636 1366 et
654 1301 797 1366 secumdae
816 1303 997 1384 praeposuit.
1019 1299 1053 1364 ld
1074 1319 1128 1383 ego
1150 1301 1236 1381 longe
1257 1297 1340 1361 'aliter
1361 1312 1426 1362 esse
1445 1297 1554 1362 indico.
1584 1299 1663 1362 Bene
1685 1301 1801 1382 quidem
1822 1299 1954 1366 rerum
1972 1303 2083 1379 docuit,

470 1407 672 1473 membranam
691 1403 862 1470 'toletanam
880 1421 940 1468 non
962 1411 1100 1486 quattuor
1119 1411 1225 1480 tantm,
1246 1413 1279 1467 ut
1301 1405 1340 1468 ita
1362 1403 1473 1479 dicam,
1497 1400 1608 1467 Liviam
1629 1406 1759 1486 paginas,
1783 1405 1835 1469 sed
1855 1405 1939 1471 bitum
1963 1409 2086 1472 aluums

344 1513 350 1532 ·
470 1507 645 1593 paginarum
666 1507 816 1571 columnas
837 1507 986 1583 extulere,
1017 1515 1046 1572 et
1074 1508 1140 1570 ideo
1162 1505 1309 1570 sinistram
1330 1509 1495 1572 colunmant
1516 1509 1547 1571 in
1568 1515 1692 1590 utraque
1713 1511 1819 1592 pagina
1843 1511 1973 1575 Mrem
1994 1529 2083 1594 lim*

474 1615 593 1690 cedere3
612 1615 749 1696 idemque
771 1621 849 1676 recte
870 1611 978 1689 statuit,
1016 1615 1250 1694 unamquamque
1278 1611 1387 1674 codicis
1415 1610 1546 1674 omnium
1568 1611 1761 1692 antiquissimi
1783 1615 1811 1673 et
1830 1609 1944 1693 ptimo,
1968 1617 2001 1672 ut
2020 1608 2084 1690 ipsa

472 1737 505 1803 p.
524 1713 577 1782 18.
607 1719 758 1802 opinatur,
785 1719 902 1782 sacerdo
931 1719 1038 1782 exarati
1065 1720 1219 1800 paginam,
1244 1713 1277 1777 id
1304 1715 1382 1796 quod
1410 1715 1496 1778 etiam
1522 1715 1553 1778 is
1579 1715 1768 1798 palimpsesto
1798 1713 1993 1778 Ambrosiam
2024 1713 2085 1776 sire

473 1820 697 1900 lediolaaensi,
722 1841 756 1886 ex
776 1839 834 1904 quo
855 1819 948 1886 llaim
970 1831 998 1884 et
1021 1821 1173 1903 Pepronns
1194 1819 1359 1883 oratimmm
1388 1819 1643 1884 Ciceronianarons
1663 1827 1761 1901 putes
1787 1819 1911 1882 ineditas
1937 1823 2083 1889 arueram,

474 1931 583 1995 iaetmn
605 1945 670 1991 esse
690 1923 875 2009 constat¹³),
900 1927 929 1988 in
951 1933 1048 1988 ternas
1068 1925 1218 1987 achamom
1238 1926 1328 1990 luism
1350 1927 1480 2000 divisam,
1503 1936 1531 1990 et
1553 1927 1665 2008 sitrgnla
1685 1927 1747 1990 eiua
1767 1927 1847 2000 lolia,
1871 1941 1961 2006 quum
1975 1923 2084 1986 fliero-

474 2023 554 2115 nymi
575 2030 776 2095 commentarii
796 2029 1033 2104 discriberentur,
1056 2049 1074 2092 a
1101 2029 1223 2092 librario
1250 2031 1450 2112 conduplicata
1479 2048 1553 2095 esse.
1596 2029 1769 2096 interiorem
1791 2030 1931 2092 loliorum
1956 2031 2082 2108 partem.

473 2155 514 2204 no
540 2136 649 2200 codicis
676 2137 774 2198 torma
792 2135 869 2198 iusto
891 2133 1008 2216 longior
1030 2133 1212 2210 redderetur,
1235 2131 1272 2197 ab
1295 2135 1398 2197 codem
1419 2135 1460 2196 ita
1481 2143 1623 2197 resectam
1644 2151 1718 2208 esse,
1740 2141 1773 2196 ut
1791 2149 1851 2196 nott
1878 2131 2005 2205 dimidia,
2034 2123 2086 2191 euti

462 2241 560 2328 utenda
578 2249 700 2315 tantum
724 2239 754 2302 id
784 2238 863 2320 quod
882 2237 1015 2300 Portenta
1033 2255 1066 2320 p.
1089 2234 1119 2302 1.
1143 2255 1188 2320 sq.
1208 2239 1288 2314 dixit,
1310 2255 1381 2320 pars
1402 2238 1465 2301 lolii
1486 2239 1600 2301 lormae
1619 2237 1762 2301 mmitnae
1779 2236 1917 2318 supersit,
1939 2235 1970 2297 iu
1996 2239 2084 2306 tanta

476 2348 666 2426 quantulum
694 2349 766 2416 erat,
797 2343 914 2404 chartae
940 2359 1133 2423 pergamenae
1159 2343 1276 2406 caritate
1304 2351 1332 2406 et
1357 2345 1538 2425 parsimonia
1564 2361 1625 2406 non
1652 2343 1834 2406 crediderim.
1875 2341 1967 2407 llolto
1990 2337 2086 2402 minus

476 2457 573 2513 sotem
594 2467 611 2510 a
632 2445 748 2510 Pertaio
767 2445 838 2510 mihi
858 2447 1029 2528 persuaderi
1051 2447 1155 2528 patiar,
1175 2447 1302 2528 singulas
1323 2455 1418 2512 textus
1429 2447 1542 2512 Liviani
1558 2447 1719 2522 columnas,
1740 2447 1773 2510 id
1792 2445 1872 2528 quod
1888 2463 1954 2509 mea
1967 2443 2086 2525 quidem

475 2531 713 2617 smema'nuuo
735 2559 822 2632 puato
835 2551 945 2632 paura
964 2549 1096 2632 prosae,
1117 2550 1234 2614 mann
1255 2549 1300 2612 ver
1321 2551 1468 2631 quaternis
1490 2560 1519 2614 e
1532 2551 1650 2614 ortena
1662 2549 1794 2612 aecus
1809 2549 1981 2620 marona,
2001 2531 2086 2610 nto-

477 2673 534 2740 quc
559 2652 677 2719 tertiam
705 2663 818 2719 mamm
847 2663 986 2737 quattuor
1004 2656 1205 2718 colrmmanrm
1226 2661 1350 2737 partem,
1373 2669 1495 2736 eamque
1513 2673 1552 2719 ne
1573 2653 1715 2735 integram
1737 2651 1853 2734 quidem
1874 2655 2088 2734 superessem

474 2767 546 2844 post
567 2759 755 2823 undecimum
784 2759 964 2841 singularum
985 2759 1187 2823 columnarum
1205 2757 1380 2822 versiculum
1399 2757 1517 2823 nocuos
1537 2759 1583 2822 rel
1604 2767 1762 2840 quaternos
1791 2765 1819 2820 et
1838 2756 1956 2821 vicenos
1983 2768 2087 2818 rusus

474 2861 667 2928 interemisse.
719 2861 846 2926 lannrm
873 2864 951 2926 errim
968 2877 1106 2926 neronom
1127 2877 1292 2940 numerum,
1316 2881 1407 2944 quum
1425 2865 1582 2945 augmenti
1603 2863 1741 2939 Vaticani,
1764 2871 1797 2926 ut
1815 2863 1875 2928 hoo
1894 2871 1970 2939 utar,
1994 2861 2086 2926 multo
2113 2903 2122 2914 ·

475 2969 640 3034 minordtus
661 2969 753 3034 literis
773 2969 874 3052 scripti
887 2967 938 3053 ¹⁴)
959 2969 1111 3032 columnae
1129 2969 1247 3032 tricenis
1267 2965 1400 3032 versitas
1421 2977 1563 3043 constent,
1582 2969 1755 3051 paginarum
1776 2967 1821 3030 rel
1843 2961 2095 3050 amplissimarum

475 3073 627 3158 longitudo
644 3075 691 3140 rix
710 3093 746 3138 ao
764 3091 803 3138 nc
824 3073 871 3136 rix
892 3073 1010 3155 quidem
1030 3088 1134 3154 capere
1154 3073 1317 3154 potuissem
1338 3073 1513 3156 praesertim
1535 3091 1624 3154 qrrnm
1641 3087 1838 3154 magnaurae
1867 3069 2030 3152 superioris
2059 3075 2089 3133 et

475 3178 540 3245 aine
557 3179 647 3244 dotto
671 3180 759 3244 edam
780 3177 928 3242 interioris
947 3197 1017 3260 pars
1036 3195 1127 3241 vacua
1149 3177 1237 3242 luerit
1258 3173 1432 3258 relicta¹⁵).
1483 3172 1639 3240 Praemrea
1658 3193 1739 3254 vero,
1763 3175 1842 3260 quod
1862 3183 1950 3260 caput
1966 3175 2013 3274 rai
2032 3181 2086 3248 est,

547 3453 593 3518 18)
616 3450 662 3508 Cf.
680 3455 720 3510 di.
738 3453 824 3506 ‘tutta
845 3451 978 3509 ctam
995 3453 1076 3506 ariam
1101 3449 1259 3504 Orationem
1282 3469 1331 3524 pro
1355 3450 1465 3521 Securo,
1484 3467 1533 3524 prs
1551 3453 1654 3522 Tullio,
1669 3473 1719 3524 pro
1736 3451 1832 3506 Flauus
1850 3463 1938 3524 partes
1957 3449 2084 3520 ineditas,

477 3561 540 3598 eran
556 3543 667 3614 antiquo
681 3539 824 3594 wholimm
841 3542 904 3594 itesn
922 3539 1023 3594 inedito
1036 3538 1071 3592 etl
1084 3537 1237 3594 Orationem
1250 3559 1299 3610 pro
1309 3539 1419 3594 Scauro.
1457 3543 1723 3609 recommemorata,
1738 3537 2087 3610 corniliustravitdsgslus

475 3631 573 3688 lisias.
607 3627 767 3696 mediatam,
787 3626 863 3682 1814.
898 3627 1010 3683 Prasiai.
1030 3647 1058 3699 p.
1079 3631 1120 3682 11,
1140 3646 1182 3702 sq.
1202 3633 1258 3686 sies
1271 3652 1302 3705 p.
1321 3637 1363 3688 12.
1383 3633 1425 3688 sd.
1446 3632 1712 3690 rastrorumque.
1731 3609 1958 3686 'rudicieerouls
1978 3625 2087 3683 Oratio-

477 3737 543 3774 suns
566 3737 617 3794 pro
635 3717 745 3784 Scauro,
764 3736 815 3790 pro
831 3713 936 3784 Tullio,
952 3729 978 3770 st
994 3719 1021 3768 iu
1038 3713 1163 3770 Clodium
1181 3715 1324 3786 fragmenta
1346 3719 1444 3772 inedita
1464 3733 1514 3776 etc.
1551 3719 1593 3772 Ex
1611 3719 1771 3773 membranis
1790 3713 2087 3791 palimpsestisliilslio·

476 3803 569 3861 ederae
588 3803 623 3860 8.
646 3801 821 3857 Tauriaeaeis
845 3803 975 3856 Athenaei
997 3803 1080 3856 edidit
1111 3816 1137 3858 et
1161 3823 1221 3860 sum
1247 3806 1428 3860 summat·
1451 3810 1557 3880 parium
1585 3809 1734 3858 ontionem
1758 3803 1910 3874 stagnantis
1936 3805 2088 3874 compes*

476 3891 612 3948 emmau·
635 3891 750 3962 Peyron.
789 3888 965 3975 stuttgardiae
988 3905 1013 3945 et
1037 3891 1187 3963 Tubinqae,
1212 3890 1288 3947 tect.
1307 3915 1335 3968 p.
1356 3892 1467 3949 ta-etl.
1488 3896 1535 3948 nbi
1552 3895 1645 3948 laurum
1665 3897 1816 3948 orationum
1834 3886 1922 3954 tesius
1939 3889 2085 3946 secundam

477 3983 615 4036 salamnus
631 3991 671 4034 ast
688 3977 847 4052 descriptus.

547 4149 593 4216 14)
611 4149 675 4207 Viti.
695 4153 841 4224 scripturae
858 4155 995 4224 speeirnea
1012 4149 1104 4202 libello
1123 4151 1158 4202 ita
1179 4151 1324 4222 inscripto:
1341 4152 1380 4206 11.
1408 4153 1492 4205 'l'ullli
1513 4129 1649 4207 Ciceronis
1668 4148 1826 4204 Orationem
1847 4165 1897 4222 pro
1915 4148 1953 4205 81.
1973 4149 2085 4203 Fonteio

478 4243 504 4294 et
521 4237 695 4314 praesento
713 4239 869 4310 fragmenta,
885 4239 922 4295 Τ.
940 4239 1011 4292 Livii
1028 4237 1089 4293 Lib.
1110 4234 1182 4292 xci.
1201 4237 1376 4309 fragmentum
1393 4241 1500 4318 plenius
1526 4255 1551 4296 et
1572 4243 1746 4310 emendatius,
1764 4243 1797 4299 L.
1815 4241 1932 4314 Senecae
1950 4241 2086 4312 fragmen-

477 4341 504 4384 ta
520 4347 555 4383 ex
572 4329 732 4382 membranis
748 4328 925 4382 bibliothecae
941 4322 1088 4383 Variea'ase
1104 4327 1172 4381 edita
1193 4349 1207 4381 a
1225 4329 1257 4385 li.
1274 4331 1307 4387 G.
1320 4331 1466 4384 llieb'alrria
1485 4330 1516 4386 C.
1535 4332 1567 4387 1¹⁸.
1591 4333 1701 4399 Romae,
1722 4329 1799 4386 1820.
1818 4329 1960 4386 adiectam.
1997 4329 2085 4403 Quam

479 4421 625 4490 scalpturas
648 4421 823 4470 imitationem
848 4417 910 4470 licet
931 4415 1093 4470 liiebulrrius
1116 4437 1144 4489 p.
1169 4418 1212 4472 22.
1231 4439 1318 4490 seque
1336 4421 1396 4488 sibi,
1417 4432 1442 4474 et
1460 4423 1536 4494 peius
1552 4425 1631 4474 etiam
1651 4419 1778 4494 sculptori
1796 4423 1905 4476 cessisse
1921 4419 2087 4492 profiteatur.

477 4507 555 4562 facile
576 4517 664 4558 tamen
682 4505 843 4574 intelligitur,
862 4520 920 4556 eam
939 4522 1025 4577 neque
1043 4503 1219 4557 ilistoriarum
1240 4507 1458 4560 Sallustianorum
1475 4508 1600 4580 reliquias
1618 4529 1632 4560 a
1651 4529 1694 4562 me
1712 4507 1805 4577 editas,
1823 4526 1911 4582 aeque
1927 4507 1993 4562 hese
2014 4505 2086 4559 Livii

477 4593 621 4666 dragmam
639 4591 774 4644 literarum
792 4591 973 4661 magnitudine
991 4591 1147 4666 adaequare.

544 4767 593 4834 ¹5)
611 4767 686 4822 iurat
708 4765 751 4820 lte
774 4767 916 4836 subiicere,
942 4788 1010 4842 quae
1033 4767 1207 4823 niebuhrius*
1220 4770 1254 4823 de
1277 4769 1448 4843 palimpsesto
1470 4765 1616 4834 Vaticano,
1633 4785 1667 4822 es
1691 4787 1744 4841 quo
1762 4769 1833 4822 Livii
1852 4767 2027 4835 fragmentum
2046 4777 2086 4819 eet

477 4861 594 4932 editam,
611 4879 641 4934 p.
660 4859 703 4915 18.
723 4857 846 4912 disseruit
864 4859 935 4914 lanne
952 4865 980 4914 irr
1001 4861 1125 4916 modum:
1145 4861 1282 4932 „Maneat
1300 4865 1328 4915 ia
1349 4858 1390 4910 iris
1409 4855 1527 4928 reliquiis
1545 4857 1676 4930 permulta
1696 4875 1814 4936 sumpisse
1833 4857 1977 4926 elegantias
1999 4860 2085 4912 raeti·-
