4814 5970
836 1423 1422 1572 nunonfflonns.

1110 1699 1148 1768 l·

238 1933 244 1944 Ι
407 1849 594 1930 ..uastant
628 1851 725 1926 Quum
750 1852 901 1914 manifesta
929 1851 1076 1914 Uliteraa
1097 1851 1217 1930 vestigia
1245 1850 1275 1912 in
1295 1847 1465 1912 membrana
1491 1846 1586 1910 lacera
1607 1844 1771 1925 supersint,
1800 1860 1863 1906 nou
1880 1851 1936 1919 ast,

322 1959 437 2040 opinor,
460 1957 539 2038 quod
562 1955 685 2031 dubites,
703 1955 816 2018 Livium
837 1956 882 2018 sel
904 1975 1000 2030 verce,
1025 1956 1070 2018 rel
1089 1973 1210 2016 severae
1231 1951 1394 2034 scripsisse.
1522 1965 1526 1990 ¹

406 2077 508 2164 ΒΕΓ]
531 2081 635 2144 Utrum
658 2079 756 2142 Livius
774 2080 821 2140 bic
843 2099 973 2160 quoque,
994 2088 1026 2142 ut
1048 2079 1132 2154 alibi,
1156 2079 1225 2140 don
1246 2077 1413 2158 scripserit,
1436 2095 1473 2138 an
1493 2073 1630 2138 librarius
1652 2073 1781 2138 ultimam
1803 2072 1937 2137 vocabuli

320 2185 423 2250 dende
448 2187 586 2268 syllabam
616 2185 782 2247 inversum
805 2183 1004 2266 insequentem
1025 2183 1222 2257 transtulerit,
1252 2181 1288 2244 ad
1314 2181 1455 2262 liquidum
1481 2177 1601 2260 perduci
1622 2195 1682 2240 nou
1701 2185 1809 2258 potest.
1852 2176 1935 2238 Scri·

321 2304 425 2378 pturae
453 2291 659 2372 compendium
686 2289 755 2352 de'm
775 2309 832 2371 pro
862 2291 964 2352 deinde
993 2290 1063 2371 poni
1094 2290 1212 2353 solitum
1243 2289 1271 2352 in
1301 2289 1451 2351 codicibus
1486 2286 1682 2369 palimpsestis
1711 2303 1771 2347 non
1800 2282 1933 2364 reperiri,

321 2404 433 2458 certum
454 2391 559 2453 habeo.
601 2389 664 2464 Vid.
688 2389 791 2453 iiandii
812 2391 967 2454 Tursellin.
987 2389 1051 2454 vu.
1077 2389 1114 2454 li.
1136 2412 1167 2474 p.
1190 2389 1264 2455 239.
1304 2439 1308 2452 .

408 2515 521 2583 ..lta
543 2517 637 2596 εἶθ’]
661 2516 789 2596 Exiguus
810 2517 826 2579 l
846 2517 946 2582 literae
966 2518 1101 2600 reliquias
1123 2521 1153 2582 in
1174 2518 1363 2602 palimpsesto
1385 2517 1530 2598 reperisse
1554 2517 1626 2578 mibi
1653 2518 1763 2580 videor.
1805 2515 1936 2580 Pertaius

322 2645 354 2714 p.
378 2621 408 2687 3.
431 2619 583 2688 traco*
603 2621 721 2702 scripsit
748 2629 828 2702 etp.
851 2618 882 2682 9.
905 2634 936 2684 ta
956 2641 1011 2686 coa
1034 2622 1132 2684 edidit.
1185 2621 1321 2684 Ceterum
1342 2619 1391 2682 bic
1413 2637 1546 2699 qraoque,
1575 2627 1718 2700 utsupra
1743 2621 1773 2682 in
1794 2622 1935 2686 vocabado

323 2730 390 2804 dein
412 2737 441 2790 et
461 2728 536 2790 infra
558 2725 608 2797 iil,
637 2722 685 2826 pli.
709 2725 739 2786 iu
761 2725 863 2786 vocula
882 2731 926 2797 io,
949 2725 1054 2788 lineola
1073 2725 1224 2788 literarum
1246 2723 1280 2784 M
1300 2729 1328 2784 et
1350 2721 1380 2784 Ν
1398 2721 1505 2786 sicaria
1523 2723 1613 2786 literis
1638 2723 1688 2785 CO
1709 2731 1753 2786 est
1774 2727 1894 2788 adiecta.

409 2847 544 2926 QUORi]
565 2847 704 2910 Similiter
724 2845 834 2908 librarii
856 2843 885 2908 ei
904 2845 987 2919 alibi,
1014 2865 1051 2910 ne
1072 2848 1217 2930 scriptura
1242 2850 1357 2930 longius
1385 2850 1527 2930 producta
1548 2850 1681 2914 versiculi
1703 2851 1830 2932 spatium
1849 2871 1936 2916 exce-

323 2955 415 3029 deret,
435 2953 535 3016 literas
554 2951 678 3016 minoris
700 2951 811 3014 moduli
838 2950 869 3012 in
890 2959 1020 3012 extruo
1043 2969 1128 3012 versu
1148 2961 1321 3030 posucrrmt.
1362 2951 1426 3016 vid.
1448 2952 1596 3016 mucan
1619 2953 1655 3016 ad
1677 2953 1750 3016 Livii
1773 2953 1847 3016 iiist.
1870 2953 1935 3018 Lib.

321 3055 395 3120 xci.
418 3056 626 3134 Framueutum
644 3071 676 3134 p.
698 3047 781 3114 388..
795 3059 824 3114 et
845 3053 882 3116 ad
903 3053 1030 3118 Sallustii
1049 3053 1123 3116 iiist.
1145 3053 1210 3116 Lib.
1233 3053 1285 3116 111.
1304 3053 1478 3134 Fragmenta
1500 3077 1530 3138 p.
1551 3053 1604 3119 44.

407 3221 440 3236 ..
459 3173 595 3262 Olill'll]
615 3170 679 3234 lioc
694 3171 830 3234 Pertzius
852 3191 1001 3248 summos,
1026 3169 1076 3254 lpui
1097 3181 1225 3246 restant,
1248 3174 1399 3238 literarum
1418 3177 1517 3258 apices
1535 3177 1657 3242 amatus
1676 3187 1755 3242 recte
1774 3181 1938 3249 restituisse

321 3277 445 3342 videtin.
488 3275 592 3337 Utrum
615 3281 712 3337 autem
734 3295 786 3338 ..o
808 3279 873 3338 rr'tu
894 3276 1091 3350 scribendum,
1115 3295 1152 3339 an
1172 3277 1345 3342 vocabulum
1366 3283 1535 3342 mon'turru
1556 3281 1756 3360 reponendam
1777 3282 1825 3358 sit,
1848 3303 1935 3350 uerno

322 3381 405 3448 iacilc
425 3380 540 3442 dixerit.

1092 3533 1157 3602 11.

406 3679 431 3760 P
451 3696 477 3770 Q
499 3689 697 3755 LENTULUS
719 3688 987 3768 nisenam...]
1010 3690 1103 3769 l'ulgo
1125 3691 1242 3771 quidem
1265 3691 1359 3752 oratio
1380 3691 1411 3752 iu
1432 3689 1581 3754 codicibus
1600 3691 1794 3774 palimpsestis
1815 3695 1936 3778 aliisque

232 3877 234 3882 Ι
322 3801 362 3864 ita
382 3799 413 3860 in
434 3795 528 3877 capita
550 3793 676 3856 describi
698 3794 789 3866 solet,
822 3801 854 3856 ut
874 3794 970 3874 prima
992 3792 1125 3856 versiculi
1151 3794 1234 3856 litera
1263 3793 1420 3856 maiuscula
1443 3792 1646 3860 sinistrorsum
1666 3797 1847 3876 prolicietur.
1890 3801 1934 3870 (it,

322 3905 470 3968 amoueo.
501 3901 536 3963 aa
555 3879 636 3962 'urvo
661 3897 736 3960 um.
759 3897 823 3960 uu.
854 3895 927 3958 xn.
955 3895 1164 3975 Fragmentum
1186 3915 1216 3977 p.
1241 3893 1314 3958 aaa.
1337 3904 1366 3958 a
1393 3897 1431 3960 aa
1451 3897 1579 3960 suasu
1599 3899 1675 3964 urst.
1695 3899 1772 3966 Lu..
1786 3899 1837 3966 ur.
1859 3903 1936 3968 rra-

323 4015 439 4088 gmenta
464 4025 494 4087 p.
524 4000 595 4065 ¹13.
623 4009 709 4084 atque
738 4011 888 4084 praeter-ea
915 4003 1106 4066 Niebubrium
1134 3999 1171 4062 ad
1198 3999 1237 4092 Μ.
1267 3999 1354 4062 Tulli
1384 3999 1532 4064 Ciceronis
1563 4003 1735 4068 Orationum
1762 4004 1936 4087 Fragmenta

322 4131 353 4194 p.
373 4108 425 4172 56.
471 4109 537 4172 lloc
557 4117 653 4171 umen
675 4108 741 4169 loco
764 4116 793 4169 et
812 4109 887 4170 inira
910 4107 958 4182 iv,
992 4106 1018 4170 1.
1040 4106 1165 4188 primam
1195 4103 1326 4166 vocabuli
1354 4105 1565 4186 peropropbue
1589 4106 1704 4170 iterem
1729 4109 1833 4172 eodem
1861 4127 1935 4176 cott-

323 4213 537 4294 siliopositam
560 4231 642 4284 esse,
671 4219 700 4274 et
721 4219 822 4291 postea
841 4211 872 4275 iu
892 4221 993 4276 uotam
1022 4209 1051 4294 p,
1078 4229 1135 4292 <pra
1163 4228 1240 4274 nunc
1268 4209 1354 4288 vulgo
1383 4211 1508 4283 utimur,
1536 4229 1590 4292 per
1620 4213 1714 4276 varias
1743 4215 1936 4283 mutationum

322 4315 535 4380 vicissitudines
556 4314 672 4388 abiisse,
695 4313 826 4376 Pertzius
847 4334 878 4393 p.
900 4313 930 4375 5.
954 4333 1081 4395 operose
1102 4314 1229 4393 mudena,
1252 4313 1303 4376 sed
1324 4332 1429 4392 parum
1450 4315 1641 4393 probabiliter
1662 4317 1862 4384 demomtram
1886 4321 1935 4384 iu·

323 4419 424 4485 stituit
469 4415 569 4478 Altero
589 4423 668 4478 certe
688 4417 755 4480 loco
777 4416 884 4480 Pertaii
902 4417 1072 4481 sententiam
1094 4436 1154 4481 nou
1176 4415 1383 4483 admittmmm
1401 4435 1476 4491 esse,
1499 4417 1575 4480 inira
1594 4419 1764 4484 videbimm.
1807 4422 1866 4486 Sed
1888 4423 1937 4488 bie
2061 4433 2067 4446 “

219 4595 223 4609 ,
324 4541 457 4607 proque,
479 4521 545 4593 lieet
569 4518 715 4593 Qiitera,
747 4539 821 4600 quae
840 4521 988 4601 sequitur,
1020 4529 1139 4584 nostrae
1160 4518 1290 4601 opinioni
1311 4518 1460 4583 adversari
1483 4519 1628 4594 videatur,
1655 4523 1810 4586 aesdoan
1828 4524 1936 4588 recum

287 4678 290 4686 .
323 4637 449 4702 mmm,
474 4625 501 4687 P
526 4623 725 4688 literamesse
746 4631 845 4688 uotam
864 4624 1062 4706 praenominis
1082 4624 1227 4696 Pedites,
1252 4631 1281 4684 et
1298 4629 1438 4701 punctum
1459 4623 1545 4702 sugo
1567 4625 1677 4704 apponi
1696 4626 1814 4690 solium
1835 4626 1866 4688 iu
1883 4625 1936 4688 de-

324 4727 581 4795 sitammam
600 4724 760 4788 evanuisse.
804 4727 891 4799 Quod
913 4735 944 4788 ut
966 4727 1110 4800 arincam,
1130 4725 1281 4806 asperiore
1302 4725 1449 4800 remedio,
1473 4734 1504 4788 ut
1531 4729 1639 4792 medici
1655 4729 1751 4794 solent
1772 4730 1803 4792 iu
1822 4727 1936 4792 morbis

325 4831 509 4916 sardonico
528 4828 683 4902 emamus,
709 4828 777 4893 nuic
800 4827 876 4894 loco,
896 4829 1210 4898 sahmnimemaesee
1234 4847 1351 4899 censeo
1397 4831 1516 4896 conam
1535 4831 1630 4906 euim,
1655 4833 1754 4898 iteras
1778 4831 1852 4895 Get
1875 4831 1936 4906 tta

1664 4949 1684 5013 3
