4770 5994
957 1293 1670 1376 ANNO'MTIONES.

598 1545 629 1618 tl
654 1543 704 1604 Da
724 1540 786 1602 boc
813 1540 914 1602 codice
939 1539 976 1598 nl.
1002 1540 1069 1600 tec
1100 1539 1250 1602 Lambecii
1270 1539 1440 1602 Cemmt.
1472 1540 1511 1600 de
1537 1537 1672 1600 tristium.
1702 1536 1784 1600 Caes.
1813 1535 1943 1596 V'tndeb.
1973 1533 2040 1594 Lib.
2061 1532 2102 1592 ll.

512 1668 577 1732 cap.
601 1649 630 1704 8.
658 1667 688 1726 p.
712 1642 782 1703 943.
804 1664 869 1724 sqq.
897 1643 961 1702 sive
984 1642 1032 1701 ed.
1061 1642 1129 1702 Liv.
1160 1643 1382 1703 Drakenborch.
1411 1643 1500 1702 Tom.
1522 1643 1589 1702 Vll.
1618 1666 1649 1726 p.
1672 1647 1743 1707 223.
1763 1661 1828 1722 sqq.
1858 1651 1945 1718 atque
1972 1632 2103 1717 Catalog.

513 1747 646 1810 codicum
669 1743 935 1826 manuscriptorum
962 1743 1100 1805 bublioth.
1128 1743 1218 1806 l'alat.
1245 1747 1378 1808 Vindob.
1401 1747 1479 1808 l‘art.
1504 1747 1527 1806 l.
1551 1771 1580 1829 p.
1603 1747 1654 1808 49.
1676 1770 1720 1827 sq.
1743 1747 1794 1806 ubi
1815 1741 2011 1804 Endliclrerus
2031 1739 2105 1798 lraec

502 1852 670 1926 maneriae
690 1847 841 1931 prodidit:
871 1848 1059 1924 „llistpriam
1081 1849 1191 1910 codicis
1210 1851 1332 1910 mirillce
1360 1851 1533 1915 collustrant
1561 1871 1654 1934 pauca
1675 1849 1872 1931 irecriptiouis
1891 1855 2025 1906 vetusne
2045 1859 2103 1902 ea·

513 1957 599 2040 stigia
620 1951 671 2014 lol.
688 1951 742 2010 ult.
757 1973 790 2013 v.
804 1950 942 2027 „sabbati
960 1949 1009 2036 qb·
1026 1951 1061 2010 dc
1079 1951 1244 2028 dorustct,“
1265 1955 1432 2033 nonnullis,
1455 1980 1529 2040 quae
1551 1954 1765 2040 praecedebant
1790 1953 1883 2012 tribus
1904 1945 1956 2008 vel
1981 1957 2105 2028 quatuor

515 2062 650 2132 vocibus,
670 2057 776 2115 iniuria
796 2069 961 2137 temporum
984 2057 1102 2136 penitus
1124 2057 1179 2114 iam
1205 2053 1326 2117 detritis.
1349 2059 1517 2120 Sntbertum
1541 2060 1605 2120 sive
1626 2057 1818 2129 Suitbertum,
1833 2037 1950 2110 natione
1965 2043 2104 2128 Anglum,

513 2165 639 2246 primum
659 2161 690 2220 in
711 2157 856 2220 Hibernia
879 2157 1067 2235 monachum,
1090 2157 1197 2218 deinde
1218 2157 1417 2224 Dacmensem
1441 2163 1472 2224 in
1491 2161 1631 2226 Cmrbria
1651 2141 1793 2234 abbatem,
1809 2155 1927 2218 tandem
1947 2154 2104 2213 Frisomtaa

508 2263 695 2350 qpastolum,
717 2265 793 2322 circa
810 2281 878 2321 ann.
901 2265 975 2328 oss,
996 2285 1014 2320 a
1034 2261 1094 2322 suis
1113 2261 1143 2320 in
1166 2261 1220 2320 bac
1243 2260 1331 2322 vinea
1352 2265 1440 2328 suciis
1462 2265 1634 2346 episcopum
1655 2259 1800 2332 electum,
1830 2269 1917 2338 atque
1943 2255 1975 2312 in
1997 2248 2107 2334 Anglia

513 2373 679 2432 ordinatum
705 2369 810 2444 luisse,
841 2391 857 2428 e
886 2368 965 2428 Beda
992 2365 1087 2450 (Hist.
1116 2365 1214 2428 eccles.
1242 2363 1281 2425 V.
1305 2367 1369 2445 12.)
1398 2380 1526 2434 constan
1556 2365 1683 2426 eundem
1712 2385 1779 2424 cunt
1803 2357 2006 2422 Willebrorclo
2031 2356 2108 2434 (qun

509 2473 637 2536 Romam
658 2473 714 2532 iter
735 2469 905 2532 intendente
920 2471 1104 2532 Suitbertum
1126 2490 1142 2527 a
1163 2471 1224 2531 suis
1245 2474 1416 2555 episcopum
1438 2469 1636 2533 renuntiatum
1655 2471 1745 2530 luisse
1763 2468 1842 2528 idem
1862 2465 1943 2524 Beda
1970 2459 2106 2536 testatur)

510 2578 684 2642 nonaum
702 2572 816 2661 (Wycls
839 2573 874 2634 de
894 2572 1064 2653 sturmen)
1086 2593 1139 2655 par
1159 2575 1311 2636 biennium
1333 2575 1481 2636 Gluistnm
1508 2575 1707 2656 praedicmse,
1733 2585 1821 2654 atque
1852 2570 1882 2627 in
1908 2589 1944 2628 eo
1966 2567 2034 2626 uico
2054 2560 2108 2624 vd

510 2685 625 2752 ditione
655 2680 865 2764 quinquaginta
892 2680 951 2739 cluo
980 2678 1044 2736 lana
1074 2677 1241 2754 dedicasse,
1267 2693 1364 2740 namet
1392 2675 1585 2738 Marcellinus
1610 2676 1728 2760 quidam
1760 2673 1813 2754 (in
1830 2673 1889 2730 uita
1911 2665 2109 2728 Sn‘Suitbertt'

514 2807 580 2868 cap.
598 2779 666 2863 27.)
690 2777 830 2860 explosus
852 2775 970 2857 quidem
995 2801 1009 2836 a
1030 2775 1221 2840 Bollandistis
1244 2777 1301 2855 (ad
1323 2777 1398 2840 diem
1422 2777 1450 2838 Ι.
1468 2779 1601 2856 Martii)
1624 2779 1715 2852 testis,
1739 2778 1789 2854 qui
1809 2788 1906 2835 tamen
1929 2785 2012 2832 caute
2034 2771 2107 2831 sub·

508 2889 598 2962 absus,
619 2908 653 2948 se
674 2901 716 2957 ea,
739 2879 868 2961 'quaeda
887 2881 959 2938 vico
981 2878 1129 2936 Domatad
1150 2877 1191 2936 ibi
1213 2873 1389 2951 relemmtnr,
1410 2899 1465 2936 nec
1484 2877 1645 2959 approbare
1665 2897 1719 2936 nec
1741 2876 1861 2935 relicere
1878 2871 1969 2934 velle.
2016 2871 2107 2934 l'ttlso

509 2986 679 3080 ¹abarbaris
701 2983 840 3064 episcopo
859 2992 894 3040 et
913 2977 1053 3060 dispersis
1074 2978 1171 3052 sociis,
1185 2979 1381 3062 'prosequitur
1404 2977 1500 3055 Beda,
1531 2978 1653 3062 Pipinns
1675 2977 1772 3038 locum
1795 2976 1954 3037 mansionis
1975 2975 2056 3036 dedit
2076 2976 2107 3034 iu

513 3090 610 3154 insula
631 3087 832 3166 Rheni‚'quae
851 3082 951 3165 lingua
974 3101 1075 3140 eorum
1098 3094 1220 3140 vocatur
1238 3082 1269 3139 in
1290 3081 1403 3141 Littore
1425 3079 1673 3160 (Caesarismerda
1690 3105 1714 3141 s.
1737 3076 1977 3154 Kaisersroerrler)
1998 3077 2028 3134 in
2050 3099 2108 3157 qua

514 3199 578 3280 ipse
601 3204 767 3254 constructo
787 3187 965 3248 monasterio
995 3179 1073 3244 diem
1102 3183 1206 3245 clausit
1227 3199 1390 3245 extremum
1411 3185 1495 3263 (ann.
1514 3185 1606 3265 7¹3).
1646 3179 1731 3246 thil
1752 3203 1898 3242 moramur
1916 3181 2108 3256 Suitbertum,

511 3300 688 3390 epismpam
710 3290 813 3370 „nulli
832 3289 894 3352 salt
910 3288 1094 3364 nalrla'cnm‚“
1122 3303 1156 3349 ut
1177 3291 1272 3372 iuquit
1298 3290 1393 3374 Belgii
1421 3291 1495 3352 sauri
1523 3304 1625 3350 auctor
1644 3287 1753 3366 (Tem.
1778 3285 1806 3347 1.
1824 3311 1856 3369 p.
1876 3286 1943 3365 43.)
1963 3289 2107 3348 Dorcsta-

515 3400 637 3461 denseus
658 3395 774 3468 vocari,
797 3415 863 3453 cum
884 3393 915 3450 in
937 3389 993 3450 hoc
1019 3389 1085 3450 loco
1108 3391 1218 3452 diutius
1240 3408 1470 3468 commoratum,
1500 3406 1529 3452 et
1552 3392 1653 3476 plures
1672 3390 1768 3454 saltim
1791 3389 1928 3452 ecclesias
1948 3391 2109 3469 dedicasse,
2192 3385 2201 3402 '

514 3506 584 3571 satis
606 3514 729 3564 constet.
772 3499 851 3558 Hinc
872 3497 930 3555 iam
952 3497 1097 3556 coniicere
1118 3496 1161 3556 las
1183 3509 1236 3572 est,
1249 3496 1406 3558 Liuianum
1430 3497 1509 3558 hunc
1528 3512 1659 3560 nostrum
1683 3497 1825 3572 codicem,
1847 3497 1966 3556 unicum
1989 3496 2108 3578 quintae

515 3607 634 3670 decadis
656 3602 862 3686 superstitem,
891 3620 971 3659 novo
1002 3600 1088 3658 etiam
1114 3599 1207 3659 sancti
1236 3603 1412 3680 possessoris
1440 3601 1525 3662 titulo
1556 3600 1732 3676 colendum,
1759 3603 1794 3661 ab
1815 3602 1879 3684 ipso
1901 3601 2050 3661 Suitberto
2070 3622 2109 3662 ex

515 3710 658 3773 Hibernia
680 3704 886 3778 Dorostadum,
908 3702 979 3761 inde
1001 3701 1263 3764 Caesariswerdam
1286 3704 1424 3779 delatum,
1448 3705 1590 3766 continuo
1609 3705 1690 3766 iuxta
1710 3704 1846 3764 Rhenum
1868 3704 1972 3764 itinere
1986 3705 2108 3766 Lauria-

513 3815 634 3874 heuruus
662 3807 780 3868 tandem
809 3804 996 3886 pervenisse,
1027 3803 1105 3862 unde
1134 3804 1170 3862 ad
1192 3802 1361 3882 Grynaeum
1390 3809 1420 3868 in
1443 3805 1764 3890 Helvetium,rpostea
1796 3810 1827 3868 in
1857 3830 1953 3868 arcens
1986 3810 2108 3870 Ambras

517 3912 671 4000 migravit,
690 3922 785 3971 tutum
808 3929 887 3966 nunc
909 3906 944 3965 ad
967 3908 1142 3992 Danubium
1157 3921 1259 3968 nactus
1281 3903 1432 3986 asydum.“
1474 3907 1575 3985 ldem,
1607 3923 1640 3968 ut
1663 3910 1821 3992 scripturae
1842 3909 2058 3990 antiquissimae
2079 3923 2110 3968 et

516 4020 707 4084 nitidissimae
738 4016 887 4097 specimen
910 4013 1078 4106 exlriberet,
1108 4015 1250 4098 integram
1277 4012 1387 4074 codicis
1413 4011 1564 4094 paginam,
1593 4012 1623 4069 in
1646 4034 1704 4093 qua
1725 4013 1814 4072 verba
1832 4011 1902 4072 Liv.
1924 4011 2033 4090 XLlll,
2058 4019 2106 4074 11.

517 4137 546 4184 et
575 4129 625 4184 ¹2.
653 4156 695 4169 —
725 4117 771 4179 lus
791 4134 817 4177 et
842 4115 874 4179 C.
900 4115 998 4176 lunius
1024 4115 1187 4177 Salinator·
1210 4152 1251 4164 -
1280 4153 1320 4166 -
1347 4115 1475 4200 perlitum
1507 4117 1544 4174 X
1564 4115 1650 4177 milio
1678 4133 1704 4176 es
1727 4117 1786 4180 XC
1806 4121 1920 4203 equites.
1966 4119 2109 4198 Quattuor

514 4240 631 4308 praeter
655 4220 873 4304 -leguntur,
899 4221 929 4280 in
950 4219 1049 4303 lapide
1067 4243 1206 4304 perquam
1230 4222 1338 4281 affabre
1361 4220 1534 4302 descriptam
1558 4222 1673 4282 adiecit.
1717 4223 1816 4303 Atque
1835 4224 1892 4283 iam
1915 4237 1998 4285 antea
2018 4225 2109 4288 Wal-

517 4329 601 4390 cltius
621 4325 883 4386 Emendationibus
903 4323 1045 4402 Liuianis,
1069 4323 1208 4413 llerolini¹
1221 4347 1246 4384 a.
1273 4333 1361 4388 1815.
1377 4324 1472 4398 editis,
1494 4324 1603 4408 triplex
1626 4326 1738 4386 addidit
1758 4329 1916 4410 scripturae
1939 4330 2109 4414 exemplum

518 4451 556 4492 ex
576 4428 648 4494 Liv.
671 4425 769 4500 XLll,
789 4430 816 4484 5.
838 4438 868 4484 et
889 4428 939 4484 ³7.
962 4439 1048 4506 atque
1070 4425 1167 4502 XLV,
1193 4419 1242 4488 30.
1265 4428 1400 4507 petitum,
1424 4426 1504 4508 quod
1529 4428 1563 4487 ad
1586 4431 1695 4490 codicis
1717 4430 1897 4514 palimpsesti
1919 4437 1983 4496 sive
2003 4438 2109 4498 rescri-

518 4537 572 4618 pti,
593 4555 632 4594 ex
654 4551 712 4612 quo
734 4528 914 4592 Niebuhrius
932 4529 1071 4591 orationis
1094 4527 1302 4589 Ciceronianae
1323 4550 1377 4611 pro
1400 4527 1434 4589 C.
1455 4530 1572 4592 Rabirio
1591 4547 1688 4614 partes
1711 4535 1834 4598 ineditas
1857 4539 1948 4610 eruit,
1971 4537 2108 4600 similitu-

518 4643 617 4704 dinem
639 4637 775 4722 proxime
796 4637 917 4698 accedit.
945 4635 1015 4695 vid.
1036 4637 1080 4703 Μ.
1102 4634 1197 4696 Tullii
1219 4634 1369 4695 Ciceronis
1390 4633 1564 4695 Orationnm
1584 4659 1638 4718 pro
1661 4635 1704 4698 M.
1724 4640 1848 4700 Fonteio
1870 4653 1900 4698 et
1915 4661 1970 4720 pro
1992 4639 2025 4702 C.
2047 4641 2107 4703 Ra-

413 4755 416 4760 '
517 4744 592 4806 birio
613 4743 787 4824 Fragmenta
807 4754 864 4804 etc.
888 4740 964 4800 edita
985 4761 1001 4799 a
1022 4739 1056 4798 ll.
1079 4737 1116 4806 G.
1137 4738 1300 4799 Niebuhrio
1323 4737 1357 4805 C.
1381 4739 1412 4797 F.
1436 4737 1554 4816 Romae,
1578 4749 1668 4805 1820.
1690 4765 1719 4824 p.
1744 4752 1794 4808 21.
1817 4756 1846 4802 et
1868 4745 1918 4802 25.
1939 4767 1984 4828 sq.
