4770 5994
1866 642 1915 716 71

293 817 428 891 umen,
449 813 574 872 motato
601 799 777 874 verboram
806 797 942 884 ordine,
972 797 1137 868 seribere=
1166 793 1213 880 Id
1243 811 1280 866 ul
1309 803 1355 866 ilo
1386 823 1456 868 esse
1483 803 1630 884 scireut,
1660 803 1751 892 qnod
1781 803 1916 892 vulgato

292 924 462 1000 proestare
487 908 627 976 videtur.
649 903 724 971 BC.
750 907 793 970 Β.
816 941 859 952 -
883 925 1000 991 magno
1021 901 1186 993 patrum']
1209 903 1367 992 Sigonius
1390 903 1559 993 supplevit
1578 909 1805 989 consensione,
1822 929 1916 972 vocas

293 1013 408 1083 lutum
438 1010 704 1079 Ciceronianam.
749 1005 864 1073 Malim
892 1005 1067 1073 Livianum
1098 1006 1337 1094 approbatione
1366 1006 1485 1074 addere
1517 1029 1558 1072 ex
1585 1008 1732 1094 XXIII,
1758 1005 1814 1073 2³.
1843 1033 1917 1074 eum

294 1122 424 1210 irspeoti
445 1118 682 1207 approbativae
703 1113 883 1181 beluinum.
906 1149 946 1162 -
970 1113 1010 1177 ad
1035 1111 1197 1181 delectum
1219 1109 1366 1199 prodito]
1401 1108 1484 1176 Cod.
1518 1113 1565 1176 od
1594 1113 1750 1180 dilectum
1776 1114 1914 1198 proditi.

296 1221 401 1290 Recte
431 1222 535 1310 igitur
556 1218 712 1297 Doberos
740 1217 891 1304 prodibis
914 1215 1124 1282 scribendum
1148 1235 1221 1278 esse
1243 1211 1396 1278 coniecit.
1419 1213 1493 1280 BC.
1517 1217 1561 1284 B.
1587 1253 1625 1264 -
1649 1239 1746 1304 quem
1766 1216 1821 1282 trie
1843 1239 1916 1283 Μ.

294 1349 387 1390 sores
411 1323 633 1410 magistratum
657 1319 838 1404 babclrunt]
861 1318 947 1384 cot.
971 1343 1058 1414 quoe
1079 1319 1126 1384 lai.
1172 1315 1303 1383 Certam
1327 1315 1489 1382 Gronovii
1512 1320 1794 1386 emendationem
1818 1345 1917 1412 quem

293 1427 346 1492 leis
367 1425 560 1493 occisoribus
580 1425 797 1514 magistratus
820 1420 1003 1503 liniebant,
1026 1443 1099 1485 curu
1118 1419 1300 1501 Crevicrio,
1316 1418 1528 1485 Lallemamlo
1544 1435 1577 1487 et
1590 1422 1753 1514 Rupertio
1769 1423 1916 1511 recipere

291 1550 359 1593 non
380 1527 539 1596 dubitavi.
562 1523 637 1594 Bc.
660 1528 704 1591 B.
730 1563 771 1574 --
795 1523 827 1587 in
850 1521 980 1589 delectu
1002 1521 1168 1612 prodibis]
1194 1523 1277 1590 Cod.
1304 1525 1338 1590 iu
1360 1525 1484 1590 dilectu
1500 1527 1708 1612 prouidebis.
1740 1527 1915 1615 Sigonius,

293 1629 461 1700 Gronovio
482 1631 699 1719 approbante,
724 1631 758 1694 iu
782 1627 956 1711 delectum,
982 1628 1071 1718 quod
1095 1627 1218 1718 recepi,
1244 1627 1454 1694 scribendum
1478 1629 1618 1694 censuit.
1644 1629 1719 1697 ΒΟ.
1743 1631 1788 1695 Β.
1834 1629 1913 1696 Vid.

293 1757 378 1824 quoe
400 1733 441 1800 ad
463 1732 559 1816 XLI,
583 1733 615 1798 8.
640 1733 805 1806 annotavi.

381 1892 464 1981 Cap.
494 1892 574 1958 XV.
609 1891 681 1958 Ser.
716 1892 891 1959 Cornelius
922 1893 1101 1971 Lentulus]
1129 1891 1213 1959 coo.
1244 1915 1311 1958 ser.
1334 1915 1356 1982 p
1380 1890 1546 1958 comelios
1575 1889 1739 1970 leotasius,
1771 1887 1866 1955 litera
1893 1914 1917 1979 p

292 2008 420 2084 puncto
452 1995 713 2083 superimposito
745 1995 891 2064 inducta.
947 1997 1048 2083 Quod
1078 2021 1180 2086 quum
1210 1995 1383 2084 Grynacus
1417 2019 1482 2060 non
1512 1992 1819 2076 animadvertisset,
1848 2015 1915 2058 non

292 2100 400 2168 solum
424 2097 476 2164 bic
500 2097 600 2188 Serq.
627 2097 804 2164 Cornelium
825 2101 1003 2184 Lentulus,
1027 2099 1084 2168 sed
1109 2100 1205 2168 etiam
1227 2098 1343 2183 XLII,
1366 2096 1419 2164 37.
1444 2096 1501 2162 obi
1522 2099 1760 2186 peneresius
1789 2095 1918 2162 corneli

293 2204 329 2270 in
350 2203 465 2270 codice
487 2201 621 2289 legitur,
645 2205 747 2274 P..et
769 2202 911 2292 Scopius
936 2205 1086 2272 Cornelii
1106 2205 1248 2271 Lentuli
1265 2201 1382 2267 edidit.
1416 2199 1520 2266 Recte
1545 2211 1652 2265 tamen
1676 2201 1740 2264 iarn
1757 2197 1856 2264 Frob.
1881 2198 1913 2264 2.
1995 2273 2014 2306 .

295 2319 440 2394 utroque
464 2305 552 2385 loco,
576 2314 612 2368 nt
631 2303 743 2388 XLII,
767 2307 820 2369 lai.
844 2306 975 2389 XLIII,
1000 2309 1051 2374 ll.
1076 2323 1110 2377 et
1130 2307 1243 2386 XLV,
1269 2307 1318 2372 17.
1346 2305 1403 2370 nbi
1424 2329 1512 2397 serp.
1536 2303 1570 2368 in
1594 2303 1708 2370 codiee
1735 2301 1914 2392 reperitur,

292 2411 419 2476 nomini
440 2407 608 2496 gentilitio
630 2406 729 2496 Scap.
755 2409 824 2476 sive
850 2410 989 2502 Saepius
1008 2434 1209 2502 praenomen
1233 2409 1311 2480 Ser.
1332 2408 1401 2475 sive
1425 2407 1566 2476 Seruius
1589 2405 1772 2472 substituit.
1816 2405 1916 2471 Prae·

293 2529 384 2584 terea
406 2515 473 2582 vid.
499 2514 750 2580 Drakenborch.
775 2514 815 2580 ud
835 2504 910 2580 Lii.
941 2513 986 2599 V,
1013 2515 1076 2600 29,
1105 2516 1138 2582 2.
1169 2551 1210 2566 -
1240 2513 1410 2603 patiente]
1444 2512 1632 2577 Gronovius
1664 2521 1754 2577 recte
1782 2509 1917 2600 scripsit

293 2621 447 2706 potiens,
471 2617 560 2705 quod
581 2607 645 2682 iim
665 2614 853 2681 Creviorius
876 2628 908 2680 et
929 2614 1176 2702 Lalleuraodns,
1200 2642 1241 2683 ne
1263 2617 1394 2684 soloeea
1417 2627 1507 2680 esset
1528 2614 1652 2698 oratio,
1676 2615 1809 2702 vulgato
1840 2615 1916 2682 snb·

294 2721 483 2788 stituerunt.
495 2721 536 2784 Β.
566 2719 657 2784 1ι1ιιιι
677 2718 1051 2803 Βιιιιιιῃιιῑιιι·(ἶιιιιίιιι
1066 2722 1229 2807 probavit,
1246 2720 1305 2786 sed
1323 2718 1568 2804 Heusingernm
1586 2729 1720 2783 secutus
1733 2741 1914 2808 pronomen

292 2847 328 2890 se
352 2822 428 2888 truie
451 2819 612 2886 vocabulo
635 2817 788 2884 subiecit.
815 2855 854 2866 -
879 2819 1022 2896 consuli]
1046 2817 1131 2886 Cod.
1153 2823 1280 2890 consul.
1322 2821 1396 2887 lloe
1417 2843 1550 2910 quoqne
1573 2818 1742 2886 Gronovio
1765 2820 1854 2904 dedi,
1878 2832 1914 2887 ul

296 2925 440 2994 corrsulis
463 2922 654 2988 scriberem.
676 2919 751 2986 BC.
774 2922 820 2985 Β.
841 2957 886 2968 »-
906 2921 1042 3010 Septem
1065 2946 1083 2986 e
1105 2937 1220 2991 senatu
1241 2923 1337 2989 eiecti
1360 2924 1452 3010 sunt]
1466 2924 1549 2991 Cod.
1564 2934 1687 3013 septem
1702 2936 1915 2992 miseseranda

295 3027 395 3092 electi
415 3036 504 3090 susat.
551 3021 644 3088 flacc
666 3020 785 3086 misere
809 3032 886 3086 sunt
909 3032 1074 3110 corrupta.
1120 3024 1252 3094 Livium
1274 3039 1458 3093 exsenatu
1479 3027 1679 3114 scripsisse,
1712 3050 1778 3094 uon
1810 3029 1912 3094 credi·

293 3127 410 3194 derim.
441 3161 482 3176 -
511 3125 546 3191 in
573 3122 775 3212 provinciam
808 3123 991 3212 cogebant]
1018 3124 1108 3212 Erat,
1140 3154 1243 3218 quum
1274 3131 1480 3219 suspicabar,
1503 3131 1612 3200 loenm
1641 3131 1838 3198 lacunosum
1869 3134 1914 3200 ita

291 3255 367 3297 esse
388 3228 646 3296 restituendumr
669 3231 704 3294 io
724 3230 933 3315 provinciam
952 3229 1063 3294 redire
1084 3234 1258 3324 eopebuut.
1305 3231 1415 3324 Supra
1437 3257 1571 3323 qnoque
1597 3259 1671 3324 erp.
1706 3234 1758 3302 li.
1789 3236 1913 3302 milites

294 3330 328 3400 in
350 3333 577 3398 Macedoniam
602 3330 718 3420 scripti
748 3334 782 3396 iu
806 3333 1014 3420 prouinciam
1042 3335 1154 3400 redire
1185 3333 1351 3401 iubentur.
1401 3334 1607 3424 Doeringius
1639 3335 1773 3404 verbum
1803 3338 1915 3404 redire

293 3437 366 3503 vult
389 3435 552 3526 suppleri,
577 3435 665 3524 qnod
688 3434 759 3500 lieri
781 3435 909 3524 nequit.

379 3609 464 3696 Cap.
487 3607 587 3674 XVI.
618 3609 706 3673 nacti
734 3609 834 3689 sunt]
868 3606 953 3672 Cod.
982 3607 1099 3673 ncoeeti
1127 3616 1224 3684 smol,
1253 3607 1343 3694 quod
1375 3607 1546 3676 Belrlrerus
1575 3593 1631 3677 bie
1659 3633 1793 3702 qnoque
1822 3625 1912 3680 recte

291 3713 462 3804 prsetnlit.
479 3747 522 3762 -
542 3711 696 3800 pignora]
720 3709 805 3776 Cod.
828 3714 984 3801 piperve,
1004 3707 1095 3798 quod
1119 3705 1287 3774 Beblrerns
1310 3709 1443 3797 vulgato
1467 3711 1650 3780 substituit.
1678 3713 1757 3780 Vid.
1778 3715 1914 3782 Scbnei·

292 3817 362 3880 deri
383 3812 528 3880 Gramm.
554 3813 628 3878 Lat.
651 3813 743 3876 Part.
766 3811 811 3876 ll.
833 3811 912 3877 Vol.
937 3811 965 3876 l.
990 3832 1025 3897 p.
1050 3808 1123 3874 177.
1151 3847 1192 3862 -
1216 3812 1311 3897 Quae
1332 3814 1464 3904 publica
1487 3816 1680 3904 vectigalia,
1702 3815 1788 3883 ultro
1812 3816 1913 3884 triba·

291 3919 339 4003 la]
365 3915 542 3986 Wulebins
566 3915 753 3981 Emendatt.
775 3913 851 3980 Liv.
875 3939 909 4004 p.
935 3914 1007 3980 172.
1033 3913 1220 3981 verissime=
1245 3919 1404 4004 „Scribe‚
1435 3920 1558 4011 inqnit,
1579 3922 1715 4010 publico
1736 3923 1928 4014 vectipolio·

293 4035 355 4090 out
373 4025 465 4090 ultro
487 4022 621 4089 tributo.
666 4021 762 4109 Quae
782 4034 875 4087 antea
899 4020 1097 4087 disiunctiva
1113 4020 1240 4110 prolata
1264 4021 1454 4089 disiunctim
1479 4035 1515 4090 nt
1538 4023 1725 4091 dicerentur
1745 4025 1914 4114 flagitabat

291 4127 459 4210 reiectio,
482 4151 519 4192 ea
543 4135 631 4193 dune
652 4122 839 4204 ἅσιινδέτως
864 4123 1013 4214 copulari
1033 4125 1109 4214 quis
1130 4125 1331 4214 patiatur‘l“
1354 4124 1428 4194 BC.
1449 4130 1493 4193 Β.
1547 4127 1610 4192 llis
1643 4127 1822 4195 Brittnerns
1846 4131 1913 4196 oo-

293 4243 426 4300 aervatt.
456 4232 530 4298 Liv.
560 4257 595 4321 p.
631 4231 703 4298 tot.
735 4255 786 4322 sq.
820 4233 941 4298 frustra
972 4232 1163 4297 adversatus
1193 4244 1255 4298 est.
1277 4271 1320 4282 --
1349 4231 1389 4296 de
1420 4232 1564 4318 integro]
1590 4230 1674 4299 Cod.
1701 4235 1748 4300 od
1768 4237 1912 4326 intepro,

293 4335 383 4427 qnod
407 4336 439 4398 in
461 4335 502 4398 ub
530 4338 658 4429 intepro
682 4335 815 4426 mutavi.
839 4337 914 4403 ΒΟ.
939 4338 982 4401 Β.
1028 4335 1212 4427 Utrumque
1234 4339 1321 4406 enim
1342 4348 1430 4404 reete
1453 4337 1701 4405 dieilnr.-ad
1725 4339 1797 4406 eins
1820 4365 1914 4431 roga·
2030 4413 2037 4428 ,

292 4439 432 4524 tionem]
461 4437 592 4504 Livium
622 4442 668 4505 erl
695 4441 776 4530 lepis
804 4443 1011 4529 rogationem
1042 4439 1219 4530 scripsisse
1254 4441 1418 4532 suspicor.
1477 4441 1639 4510 Similiter
1672 4443 1843 4512 laeobsins
1879 4457 1913 4513 et

292 4541 606 4626 Weissenbornins,
630 4555 786 4634 utsupra
809 4544 999 4628 memoravi,
1022 4543 1135 4629 XLII,
1158 4545 1212 4610 2⁹.
1236 4547 1306 4612 eius
1336 4545 1370 4610 in
1393 4549 1482 4637 repis
1512 4547 1631 4614 mutari
1659 4549 1846 4616 voluerunt.
1869 4589 1912 4604 -

186 4723 196 4744 ι
295 4649 353 4739 qui
376 4647 501 4732 minus]
526 4646 715 4714 Gronovius
739 4651 799 4740 qui
829 4649 949 4714 nonin
973 4649 1075 4741 quod,
1097 4659 1132 4713 nt
1154 4646 1531 4734 Baumgartenfflrnsins
1554 4649 1639 4716 laiso
1662 4651 1828 4741 perbibet,
1852 4651 1912 4720 sed

294 4751 330 4818 in
350 4777 415 4842 quo
438 4750 585 4820 mutavit.
615 4749 658 4816 lit
679 4763 769 4820 recte
792 4751 937 4842 qnidam.
962 4752 1047 4818 Nam
1069 4753 1217 4820 locorum
1240 4775 1258 4816 a
1280 4751 1554 4820 Drakenborebio
1575 4753 1617 4820 ad
1638 4753 1714 4820 Liv.
1737 4751 1910 4838 XXVlll,
