4814 5970
1911 699 1960 774 29

351 884 429 964 quod
450 881 481 946 in
505 880 646 944 orationis
669 877 875 980 Ciceronianae
894 898 952 962 pro
980 877 1099 942 Rabirio
1127 879 1297 960 fragmentis
1324 897 1357 941 ex
1385 880 1573 960 palimpsesto
1597 879 1734 942 Vaticano
1763 897 1778 942 a
1801 879 1960 946 Niebnhrio

350 987 434 1051 aditis
455 1006 486 1067 p.
508 983 560 1046 75.
583 985 618 1058 Q·
637 983 796 1047 AUCTOR
816 1001 873 1064 pro
897 987 950 1064 gui
971 997 1077 1046 ortator
1096 981 1212 1062 legitur,
1235 983 1270 1044 de
1290 983 1397 1045 Pertzii
1419 985 1558 1046 sententia
1580 989 1633 1066 qui
1649 1004 1706 1068 pro
1726 995 1867 1066 praetore
1886 999 1962 1064 mut,

349 1089 430 1168 quod
448 1104 504 1168 per
526 1105 558 1148 se
580 1085 697 1166 quidem
719 1095 798 1148 recte
819 1085 891 1160 diri,
914 1083 1040 1148 Kritzius
1062 1085 1097 1146 ad
1119 1084 1236 1147 Sallust.
1260 1084 1321 1166 lug.
1345 1105 1410 1168 cap.
1431 1081 1483 1158 tt,
1507 1083 1535 1148 l.
1559 1087 1666 1162 doctrit,
1690 1089 1874 1153 scribendum
1897 1111 1962 1156 esse

346 1209 492 1265 censeam,
514 1199 556 1264 ut,
580 1209 670 1271 quum
692 1193 775 1256 rttr.
794 1211 852 1274 pro
875 1192 932 1254 ΡΗ.
955 1192 1014 1253 sire
1036 1191 1180 1266 PRAET,
1201 1193 1232 1256 id
1254 1204 1298 1256 cst
1315 1207 1449 1277 praetor,
1471 1197 1600 1276 positum
1622 1217 1766 1278 nusquam
1787 1200 1959 1281 reperiatur,

347 1302 386 1368 ct,
408 1294 433 1356 si
453 1302 530 1356 certa
551 1294 639 1356 luerit
658 1293 763 1356 Pertrii
787 1295 963 1370 coniectura,
986 1296 1084 1358 literas
1100 1296 1180 1358 Atta
1202 1299 1322 1362 librario
1344 1301 1467 1362 omissas
1490 1321 1564 1376 esse,
1586 1304 1678 1366 multo
1700 1303 1739 1366 sit
1753 1303 1813 1366 veri
1827 1303 1959 1378 similius,

346 1400 378 1462 in
406 1400 460 1462 alia
490 1395 586 1462 omnia
617 1399 773 1462 discedam.
823 1399 956 1462 Primum
984 1399 1073 1478 igitur
1100 1403 1170 1464 satis
1199 1413 1328 1479 constat,
1357 1406 1474 1468 voculas
1506 1426 1581 1486 quoe
1609 1415 1637 1468 et
1658 1427 1713 1488 gare
1732 1425 1792 1470 nou
1813 1406 1908 1470 solum
1931 1407 1960 1468 in

347 1507 485 1572 Vaticano
506 1507 579 1570 Livii
606 1508 770 1588 fragmento
797 1516 883 1588 atque
905 1507 1044 1570 orationis
1067 1507 1272 1592 Ciceronianae
1300 1527 1357 1590 pro
1379 1507 1501 1572 Fonteio
1523 1511 1693 1588 fragmentis
1720 1531 1754 1572 ex
1772 1509 1960 1592 palimpsesto

348 1613 485 1676 Vaticano
508 1633 525 1673 a
546 1612 706 1675 Niebubrio
732 1613 816 1676 editis
838 1633 867 1694 p.
891 1613 943 1676 al.
965 1624 994 1676 et
1016 1611 1067 1678 52.
1088 1615 1140 1678 sed
1166 1617 1251 1679 etiam
1274 1613 1305 1676 in
1333 1611 1395 1675 aliis
1423 1613 1587 1686 codicibus,
1619 1613 1704 1676 retmt
1727 1612 1961 1678 Laurisherncnsi

346 1737 399 1781 seu
428 1714 661 1788 vindobonensi,
691 1735 707 1777 a
734 1715 862 1780 librariis
891 1701 1050 1780 sexcenties
1078 1725 1257 1796 permutatas
1286 1735 1366 1789 esser
1394 1715 1435 1777 ita
1459 1717 1592 1795 pridem,
1618 1726 1648 1779 ut
1672 1717 1753 1790 Qtttt
1776 1735 1833 1798 pro
1856 1718 1963 1792 Qttrr

346 1821 475 1900 positum
495 1819 525 1880 in
547 1817 710 1898 scripturae
732 1819 936 1900 compendium
961 1821 996 1894 Q·
1018 1841 1074 1902 pro
1091 1821 1225 1882 'errclitioo
1249 1838 1303 1900 quc
1324 1817 1460 1900 usmpari
1479 1820 1596 1883 solitum
1618 1821 1701 1884 lacilo
1720 1822 1848 1902 potuerit
1869 1821 1959 1884 abire.

347 1925 391 1988 ct.
416 1925 563 1986 Armolatt.
587 1925 624 1986 ad
652 1925 724 1987 livii
748 1925 820 1988 Hist.
849 1923 914 1988 Lib.
938 1924 1011 1986 XCI.
1035 1923 1242 2004 Fragmentum
1270 1943 1301 2004 p.
1330 1919 1404 1986 418.
1448 1923 1555 1986 Deinde
1582 1941 1677 2005 neque
1704 1925 1852 1988 insolitum
1879 1925 1959 1988 illum

346 2036 375 2088 et
398 2029 522 2090 maxime
544 2027 663 2092 dubium
686 2028 913 2109 comparativum
933 2035 1109 2112 propriore,
1133 2027 1163 2088 in
1182 2045 1240 2106 quo
1262 2025 1407 2088 Pertzium
1427 2045 1488 2088 non
1507 2027 1663 2092 ollcndisse
1684 2049 1719 2093 co
1743 2029 1835 2109 magis
1856 2029 1959 2100 miror,
2084 2035 2085 2038 ’

346 2151 404 2212 quo
428 2133 534 2196 certius
557 2141 610 2205 est,
634 2151 700 2194 cum
721 2131 798 2210 apud
818 2131 978 2212 scriptores
999 2132 1121 2204 latinae,
1143 2149 1179 2190 ex
1207 2128 1311 2208 quibus
1332 2127 1550 2192 lluddimarmus
1576 2129 1713 2197 Institutt.
1744 2133 1873 2196 Gramm.
1896 2131 1959 2196 Lat.

344 2235 424 2300 Part.
453 2236 476 2297 l.
506 2255 537 2314 p.
570 2231 640 2296 iiiii.
670 2243 731 2296 ool.
761 2231 812 2296 58.
843 2234 948 2298 similia
977 2235 1107 2313 collegit,
1139 2253 1282 2313 nusquam
1309 2235 1447 2313 reperiri,
1477 2237 1506 2298 in
1535 2235 1651 2300 LIriana
1679 2238 1810 2300 oratione
1838 2238 1959 2310 admitti,

344 2353 439 2416 nequa
459 2336 609 2398 disiunctis
631 2335 778 2398 vocabulis
796 2356 854 2418 pro
873 2341 977 2418 priore
997 2336 1085 2398 scribi
1103 2355 1202 2416 posse,
1228 2339 1290 2398 luce
1310 2337 1416 2400 clarius
1438 2349 1567 2420 apparet.
1610 2342 1739 2423 Denique
1757 2343 1960 2424 propraetoris

344 2439 673 2514 commemorationem,
705 2459 796 2519 quum
822 2459 870 2502 res
899 2441 929 2503 in
954 2443 1027 2504 urbe
1056 2449 1172 2520 agatur,
1203 2461 1297 2522 neque
1319 2439 1453 2504 Octavius
1475 2441 1550 2503 hanc
1570 2443 1682 2506 illamve
1701 2445 1880 2524 provinciam
1901 2464 1959 2528 pro

343 2553 481 2626 praetore
501 2542 662 2606 obtinuisse
684 2544 812 2618 dicatur,
835 2544 871 2608 ab
893 2547 951 2608 hoc
971 2548 1037 2608 loco
1062 2545 1265 2610 alienissimam
1294 2566 1374 2620 esse,
1398 2564 1459 2608 non
1483 2563 1560 2628 opus
1580 2553 1642 2619 ost,
1665 2554 1698 2609 ut
1720 2547 1882 2610 accuratius
1905 2548 1956 2612 de·

343 2655 516 2722 monstrem,
540 2663 631 2727 gnum
652 2647 763 2714 Romae
783 2647 876 2710 nullas
897 2649 1100 2729 propraetoris
1121 2659 1219 2731 partes
1242 2653 1331 2714 luisse
1351 2651 1427 2714 inter
1447 2669 1549 2712 omnes
1572 2659 1694 2724 constet,
1718 2651 1774 2712 nisi
1796 2652 1872 2714 inter
1893 2674 1955 2728 cos,

345 2756 394 2834 qui
423 2754 464 2815 rei
491 2753 623 2834 publicae
648 2753 796 2816 Romanae
825 2755 966 2816 rationem
994 2755 1139 2834 ignorant.
1188 2747 1288 2836 itatius
1315 2755 1381 2816 loco
1406 2755 1558 2835 desperato
1587 2773 1621 2816 ao
1647 2773 1740 2836 paene
1766 2755 1955 2830 conclamato,

343 2859 412 2920 inita
432 2856 630 2937 subductaque
651 2858 781 2932 ratione,
804 2859 843 2920 ita
864 2859 1093 2921 succurrendum
1115 2881 1179 2924 esse
1199 2860 1342 2933 arbitror,
1364 2868 1410 2932 ut,
1434 2877 1523 2939 quum
1548 2857 1657 2920 Octavii
1683 2859 1787 2922 domus
1809 2861 1839 2922 in
1860 2869 1959 2922 monta

342 2959 490 3035 PalatIno,
517 2945 603 3040 quem
626 2980 726 3024 sacrae
747 2961 808 3022 viae
828 2962 1028 3044 propinquum
1049 2963 1139 3028 luisse
1162 2962 1317 3037 norimus,
1348 2962 1444 3043 posita
1466 2962 1567 3038 luerit,
1590 2983 1624 3024 ex
1645 2973 1746 3026 nostra
1767 2964 1957 3046 ‹pralicunqrrc

320 3065 525 3138 coniectura,
549 3083 636 3143 quam
659 3083 717 3126 non
740 3064 862 3126 deerunt
884 3065 933 3145 qui
956 3066 1092 3129 audaciae
1113 3085 1147 3128 ac
1167 3066 1337 3128 temeritatis
1359 3073 1533 3146 coarguant,
1556 3067 1714 3129 scribatur:
1738 3088 1813 3148 qrrne
1830 3073 1959 3150 proptor

343 3179 425 3240 arnt,
448 3169 584 3231 eiectaB
609 3169 707 3241 litera,
732 3187 818 3248 rprtam
840 3179 872 3230 ut
894 3169 1029 3231 librarius
1051 3187 1105 3249 por
1136 3187 1267 3230 errorem
1291 3169 1400 3250 oppido
1431 3169 1579 3255 prrlgarem
1607 3169 1788 3250 praecedenti
1815 3171 1955 3234 vocabulo

342 3273 470 3346 adderet,
487 3273 653 3353 proximum
670 3271 774 3334 rtrlr
792 3273 884 3346 facile,
907 3279 938 3332 nt
958 3269 1074 3350 opinor,
1091 3269 1208 3331 allicere
1221 3270 1325 3350 potuit.
1355 3271 1417 3331 virt.
1437 3272 1651 3333 llrakerrborclr.
1672 3273 1707 3334 ad
1723 3274 1783 3334 Lir.
1802 3273 1861 3347 XL,
1878 3270 1908 3347 7,
1925 3269 1955 3336 8.

342 3377 456 3442 Pariter
472 3379 533 3442 Lir.
558 3379 591 3452 V,
614 3375 666 3439 26.
688 3399 763 3460 qnae
780 3385 928 3461 propiore
952 3389 1047 3451 eraut,
1068 3376 1142 3450 l'lll,
1167 3369 1216 3435 tt.
1240 3393 1368 3454 pecorum
1389 3391 1458 3452 ager
1476 3379 1604 3456 propior
1626 3385 1700 3448 eret,
1722 3373 1810 3449 XXX,
1830 3373 1882 3436 23.
1905 3383 1957 3458 grrr'

338 3489 468 3564 propior
485 3491 565 3554 essct,
585 3479 700 3556 XXXII,
723 3477 773 3542 32.
797 3488 849 3562 qar'
867 3487 1024 3562 propiores
1043 3490 1139 3552 eruat,
1162 3475 1289 3550 XXXIII,
1310 3473 1341 3538 9.
1363 3497 1437 3558 quoe
1455 3483 1583 3558 proptor
1603 3477 1744 3540 rientrarar
1763 3499 1857 3540 corae
1879 3488 1955 3552 erat,

341 3597 372 3651 ct
392 3587 537 3662 XXXVII,
563 3582 614 3649 56.
645 3609 720 3670 pace
738 3591 867 3669 propior
888 3587 1024 3649 Illrodrrnr
1046 3587 1178 3647 irrsrrlam
1205 3572 1289 3643 trcrrs
1311 3580 1511 3642 Maeandrum
1536 3601 1651 3644 amnem
1673 3593 1728 3654 est,
1752 3581 1862 3644 mediae
1884 3601 1953 3644 ora-

341 3693 413 3756 tioni
439 3691 672 3773 interponuntur.
717 3690 897 3754 Vocabulum
924 3695 1051 3772 propior
1080 3697 1175 3751 autem
1205 3707 1222 3749 a
1249 3685 1373 3747 librariis
1401 3686 1469 3746 alibi
1498 3705 1615 3765 ‹proque
1637 3685 1738 3748 eodem
1761 3686 1845 3764 plane
1866 3685 1955 3748 modo

343 3797 529 3877 depravatum
552 3817 631 3870 esse,
650 3816 705 3858 usu
725 3797 872 3876 cognitum
893 3795 1044 3858 lrabemrrs.
1090 3793 1227 3855 Sirrriliter·
1247 3789 1324 3852 enim
1346 3789 1376 3852 in
1398 3789 1496 3850 codice
1518 3789 1750 3851 Laurishemensi
1773 3807 1824 3850 serr
1845 3788 1955 3850 Vindo-

341 3899 464 3962 bonensi
490 3899 551 3962 Liv.
575 3899 661 3973 XLII,
685 3896 737 3961 58.
761 3909 790 3961 et
810 3899 912 3972 XLlV,
935 3894 987 3960 iil.
1009 3901 1151 3979 proprr'rta
1172 3911 1228 3974 pro
1253 3895 1395 3971 propius,
1418 3891 1497 3970 quod
1524 3891 1610 3954 etium
1634 3891 1724 3954 Tacit.
1755 3891 1856 3956 mmai.
1878 3889 1953 3960 XIII,

341 3998 394 4063 tt.
411 4004 442 4063 in
464 4003 529 4064 eod.
552 4002 626 4064 bled.
647 4003 689 4064 ita
710 4009 881 4082 corruptum
904 4009 964 4074 est,
986 3999 1081 4073 XLII,
1104 3993 1155 4059 58.
1177 4003 1263 4078 atque
1285 3997 1382 4070 XLIV,
1405 3995 1436 4058 ll.
1460 4003 1489 4060 et
1509 3991 1561 4060 25.
1578 4000 1724 4076 proprior
1744 4013 1800 4076 pro
1819 3999 1955 4076 propior,

341 4103 439 4178 xilv,
463 4102 516 4167 28.
534 4112 710 4188 propriores
728 4125 784 4186 pro
803 4111 971 4188 propiores,
995 4103 1125 4184 adeoque
1146 4101 1229 4175 XLV,
1252 4097 1301 4164 34.
1319 4104 1527 4182 proprietates,
1541 4100 1630 4179 quod,
1654 4099 1711 4162 nisi
1727 4100 1805 4161 lortc
1818 4098 1954 4164 librarius

341 4207 379 4272 ad
397 4207 570 4272 vocabulum
592 4214 736 4284 civitates,
757 4212 836 4290 quod
857 4209 1012 4294 praecedit,
1034 4227 1089 4290 per
1111 4221 1243 4266 errorem
1263 4202 1350 4265 luerit
1372 4201 1491 4274 delatus,
1512 4201 1590 4262 haud
1608 4201 1670 4262 scio
1693 4220 1730 4262 an
1747 4221 1781 4264 ex
1796 4209 1954 4284 propiores

341 4313 477 4372 civitates
499 4311 657 4373 conllatum
680 4311 728 4386 sit,
749 4329 805 4392 pro
824 4316 981 4392 propiores
1002 4310 1116 4390 legitur.
1161 4307 1254 4386 Atque
1277 4308 1381 4369 eodem
1402 4303 1590 4368 librariorum
1613 4305 1831 4368 dormitantium
1853 4326 1954 4370 errore

339 4413 417 4478 baud
445 4413 531 4476 dubie
554 4413 726 4496 depravatus
747 4423 792 4477 est
812 4413 898 4478 etiam
920 4413 1046 4476 Senecae
1070 4412 1168 4484 locus,
1192 4410 1228 4470 de
1249 4429 1307 4488 quo
1329 4407 1509 4472 Forcellinus
1530 4431 1555 4470 s.
1578 4431 1605 4470 v.
1624 4414 1788 4492 proprios:
1820 4409 1953 4492 „Comp

338 4514 489 4600 Propriae·
507 4515 595 4580 babet
616 4517 682 4580 Sea.
708 4518 849 4582 Controo.
872 4515 907 4594 5,
929 4514 981 4580 33.
1002 4517 1076 4580 med.
1120 4516 1183 4577 Uno
1205 4513 1295 4574 serbo
1319 4514 1478 4595 propriore
1504 4533 1585 4576 usus.
1630 4513 1684 4576 lttt
1706 4515 1761 4596 leg.
1780 4519 1952 4599 propiaret*

340 4615 386 4682 lbi
407 4620 498 4694 enim,
522 4639 612 4700 quum
633 4621 664 4683 in
684 4619 858 4682 editionibus
878 4620 1017 4701 antiquis,
1044 4621 1128 4682 veluti
1151 4620 1196 4682 ed.
1217 4616 1313 4678 Paris.
1335 4636 1361 4678 a.
1387 4612 1478 4678 tata.
1502 4635 1532 4696 p.
1558 4613 1629 4678 115.
1651 4616 1700 4680 ubi
1722 4619 1794 4681 llaec
1815 4619 1953 4680 Concor.

337 4715 376 4792 X,
400 4713 431 4782 I.
452 4721 602 4801 leguntur,
632 4739 787 4803 perperam
805 4725 967 4802 propriore
988 4719 1175 4795 scriberetur,
1206 4719 1370 4785 Gronovius
1392 4721 1480 4784 Tem.
1502 4718 1553 4782 111.
1576 4740 1606 4803 p.
1629 4717 1703 4785 382.
1725 4723 1770 4784 ed.
1793 4720 1952 4782 Attrstelod.

340 4837 367 4882 a.
395 4815 486 4882 tttta.
510 4819 615 4904 allique
634 4824 741 4887 rectius
762 4823 913 4886 ediderrmt
931 4827 1083 4904 propiore,
1107 4821 1137 4884 id
1159 4832 1204 4884 est
1225 4823 1339 4906 aptiore
1361 4823 1420 4886 sire
1442 4827 1717 4888 accommodatiora.
1759 4822 1850 4886 Tacit.
1874 4821 1949 4890 ltine
