4814 5970
483 668 531 746 80

481 849 628 928 possent.
651 871 696 886 —-
716 857 805 904 nune
832 836 979 922 tandem]
1009 837 1094 906 (lod.
1124 849 1223 930 atque
1251 841 1353 908 Frub.
1390 842 1419 906 1.
1442 853 1476 908 et
1499 843 1532 910 1.
1556 853 1635 910 tuso
1653 845 1804 927 taudem,
1827 845 1919 936 qood
1941 811 2105 916 revneaai.

482 943 557 1010 ΒΟ.
583 945 624 1008 Β.
670 942 747 1027 Qua
769 942 964 1010 anctoritate
987 941 1279 1010 Drakenborebias
1302 955 1381 1013 bruc
1410 945 1442 1011 iu
1467 971 1557 1014 nuuc
1587 948 1780 1032 meuserit,
1803 970 1844 1013 ex
1872 949 1944 1014 eius
1972 961 2108 1016 anneta·

482 1045 629 1112 tionibus
661 1067 727 1111 non
758 1047 971 1135 intelligitur.
1018 1045 1278 1138 Tppogra'pbum
1310 1073 1435 1116 errasse
1462 1050 1627 1140 suspicor.
1674 1050 1928 1118 Reddimauuus
1958 1075 2107 1142 quoque,

482 1151 540 1242 qui
559 1150 866 1218 Dmltenborcbinrn
889 1152 1082 1244 plerumque
1105 1155 1267 1244 sequitur,
1295 1167 1383 1222 recte
1406 1167 1485 1222 tuuc
1507 1157 1642 1220 taudem
1669 1153 1785 1221 edidit.
1806 1191 1847 1204 -
1869 1155 1962 1244 prius
1992 1151 2105 1243 culpa]

481 1253 605 1332 Nescio
623 1278 664 1320 au
683 1258 779 1346 prius
799 1259 901 1345 ipsius
923 1259 1020 1348 oarlpa
1040 1259 1084 1325 sit
1103 1257 1327 1326 scribendum.
1373 1255 1539 1344 Displicet
1561 1257 1661 1344 culpa
1680 1254 1875 1344 simpliciter
1888 1255 2045 1346 positum.
2064 1293 2103 1304 -

483 1354 684 1448 gurgitibus]
708 1358 782 1426 lloc
806 1358 993 1426 Gronovius
1015 1373 1104 1428 recte
1132 1361 1164 1427 in
1187 1362 1341 1453 gurgites
1369 1361 1519 1425 mutavit.
1542 1359 1617 1425 BC.
1640 1362 1683 1424 Β.
1710 1370 1806 1424 -et
1835 1357 1919 1424 iutra
1946 1370 2102 1448 porupta,

480 1463 516 1528 in
538 1485 626 1527 mare
649 1463 828 1528 evolvendo
852 1465 983 1546 terram]
1006 1463 1058 1532 Ex
1081 1464 1229 1532 eiusdem
1252 1461 1414 1528 Gronorii
1434 1462 1661 1529 emendatione
1684 1461 1822 1551 seripula
1848 1474 1879 1528 ct
1901 1461 2007 1550 iufra,
2028 1486 2104 1550 pro-

481 1573 593 1629 rutam
615 1565 650 1628 iu
669 1588 762 1628 mare
781 1563 961 1630 evolvendo
985 1576 1124 1632 terram.
1149 1564 1224 1632 Βο.
1249 1567 1292 1630 Β.
1339 1562 1514 1630 Contrario
1537 1565 1663 1631 librarii
1693 1589 1804 1630 errore
1827 1563 1940 1649 XLII,
1966 1563 2018 1630 15.
2050 1565 2104 1631 de·

480 1681 581 1760 rupta
603 1669 637 1734 iu
667 1671 781 1734 diruta
810 1680 969 1734 mutatum
999 1682 1062 1736 est.
1086 1707 1127 1720 -
1158 1671 1301 1736 Perseus
1332 1677 1482 1760 septum]
1507 1671 1591 1738 cod.
1622 1673 1739 1762 bospes
1766 1684 1799 1739 et
1825 1663 1965 1760 septum.
2015 1664 2103 1739 Mira

480 1795 558 1840 anne
578 1774 755 1862 scriptura,
779 1771 811 1836 iu
835 1795 899 1860 qua
925 1771 1006 1858 quid
1028 1771 1140 1853 lateat,
1164 1784 1322 1860 exputare
1345 1799 1410 1839 non
1433 1797 1581 1864 possum.
1627 1774 1715 1840 Num
1738 1776 1872 1842 librario
1891 1777 2016 1840 Perses
2039 1797 2099 1862 pro

480 1879 626 1944 Perseus
648 1875 814 1964 scripturo
836 1876 1023 1963 proximum
1046 1874 1148 1940 bostis
1170 1876 1428 1945 obversabatur?

563 2017 647 2104 Cap.
669 2011 733 2079 lX.
757 2036 798 2078 ex
819 2013 909 2100 regis
933 2014 1066 2099 castris]
1089 2013 1258 2082 lieltherus
1282 2045 1326 2086 ex
1348 2025 1451 2111 regiis
1473 2027 1591 2089 castris
1615 2019 1731 2088 edidit.
1757 2057 1797 2068 -
1820 2025 1895 2104 nec]
1919 2022 2003 2087 Cod.
2023 2047 2100 2089 noe.

479 2123 627 2210 Vulgata
648 2143 723 2204 uec,
745 2119 836 2208 quod
857 2119 934 2182 lerri
956 2141 1022 2182 raon
1047 2129 1171 2206 potest,
1193 2145 1272 2185 scam
1295 2123 1465 2190 substitui.
1489 2124 1566 2190 ΒΟ.
1590 2125 1634 2190 Β.
1678 2121 1798 2210 Neque
1822 2133 1928 2188 tamen
1951 2147 1992 2189 ac
2011 2147 2102 2213 spre-

478 2226 593 2292 verim.
639 2223 750 2306 Quum
772 2221 859 2285 enim
881 2242 942 2308 pro
963 2223 1163 2310 conquirere
1181 2245 1308 2312 persero
1332 2227 1437 2292 codex
1460 2231 1660 2319 conquirere
1680 2251 1763 2291 ciero
1787 2227 1915 2310 ollerat,
1932 2227 2102 2296 librarium

479 2333 523 2396 ita
554 2351 722 2418 peccasse,
747 2339 782 2392 ut
812 2351 835 2391 u
863 2328 990 2393 literam
1018 2351 1058 2392 cs
1087 2331 1358 2397 antecedentibus
1382 2341 1545 2419 repeteret
1566 2341 1599 2395 et
1621 2353 1662 2396 ac
1685 2330 1717 2393 iu
1743 2355 1783 2394 ne
1806 2341 1958 2414 mutaret,
1982 2355 1999 2396 a
2023 2355 2101 2399 vero

478 2457 545 2499 non
568 2433 742 2501 abhorrere
765 2429 906 2500 ridetur.
954 2431 1008 2496 Cl.
1032 2431 1428 2520 quae'llralrenborebius
1451 2435 1492 2499 ad
1515 2435 1548 2498 b.
1566 2434 1590 2498 l.
1615 2432 1796 2528 nepotarit.
1811 2473 1842 2484 -
1858 2436 2101 2524 adparitoribus

478 2538 565 2622 ludi]
589 2535 673 2602 God.
698 2547 730 2600 et
754 2535 854 2602 Frob.
881 2539 911 2600 l.
937 2535 1186 2624 apparitoribus
1209 2539 1293 2621 ludi,
1316 2541 1368 2606 eui
1391 2537 1443 2602 ed.
1467 2537 1576 2626 Lugd.
1608 2561 1639 2601 a.
1665 2536 1760 2602 1553.
1784 2538 1826 2602 ab
1849 2545 2099 2627 apparitoribus

478 2639 552 2708 ludi
578 2639 760 2706 substituit.
814 2639 999 2729 Utrumque
1029 2641 1146 2708 valeat.
1200 2643 1332 2712 Etenim
1356 2643 1623 2734 apparatioribus
1655 2645 1743 2709 luciis
1770 2644 1982 2712 scribendum
2010 2671 2098 2730 ease,

418 2765 421 2770 ·
477 2743 628 2810 Muretus
648 2745 830 2833 perspexit.
854 2745 929 2812 BC.
949 2747 994 2812 Β.
1031 2745 1266 2816 Lallemaudus
1286 2773 1421 2840 quoqne
1435 2747 1662 2837 etllnpertius
1679 2760 1887 2835 receperunt.
1918 2748 2100 2818 Salmasius

368 2934 372 2948 ι
479 2865 601 2935 auteur,
626 2851 660 2915 id
682 2850 771 2940 quod
796 2851 951 2916 linitores
974 2855 1154 2936 annotarit,
1176 2852 1217 2917 ad
1239 2851 1410 2941 Lamprid.
1436 2852 1537 2916 Alex.
1558 2849 1636 2916 Ser.
1653 2872 1726 2936 esp.
1743 2849 1797 2914 53.
1819 2873 1887 2914 non
1909 2857 2101 2940 apparatio·

476 2955 583 3035 ribus,
599 2963 635 3018 nt
647 2950 1022 3040 llaumgarteu·Crusius
1047 2954 1210 3045 perbibet,
1234 2955 1293 3021 sed
1317 2957 1358 3022 ab
1382 2949 1639 3040 apparatoribus
1661 2973 1702 3014 ex
1725 2953 1759 3018 b.
1782 2953 1806 3017 l.
1833 2955 1986 3041 protulit,
2009 2957 2100 3045 quod

476 3056 670 3126 vocabulum
693 3056 781 3144 apud
804 3069 932 3123 veteres
953 3059 1131 3146 scriptores
1154 3081 1219 3123 nou
1242 3055 1416 3146 reperitur.
1442 3089 1481 3102 -
1505 3051 1717 3138 elegantioris
1742 3054 1907 3139 exercitii]
1930 3055 2015 3122 Cod.
2035 3059 2099 3125 ele·

431 3165 435 3180 '
475 3166 638 3256 pacatioris
660 3163 840 3228 exercitus.
885 3161 983 3229 Nunc
1001 3177 1148 3254 apparet,
1170 3162 1366 3231 vocabulum
1387 3157 1559 3222 exercitus
1581 3154 1748 3219 alibrario
1764 3179 1804 3221 ex
1820 3161 2097 3244 praecedentibus

476 3291 550 3334 esse
578 3265 768 3352 repetitum.
812 3263 929 3332 Missis
956 3267 1058 3356 igitur
1088 3266 1249 3335 Gronorii
1282 3277 1315 3332 et
1339 3257 1508 3328 Perizonii
1538 3257 1752 3342 coniecturis,
1783 3260 1908 3328 scribes
1931 3279 2097 3354 exparte

476 3369 705 3460 elegantioris,
730 3391 830 3459 quam
849 3368 1004 3436 militaris
1026 3375 1122 3436 ortis.
1147 3369 1222 3436 Bc.
1244 3369 1288 3434 B·
1312 3403 1354 3416 -
1384 3361 1584 3429 testudinem
1609 3361 1786 3448 stubebant]
1818 3362 1872 3429 Cl·
1903 3389 1987 3455 quae
2017 3367 2096 3454 Gor

476 3472 541 3539 tias
566 3481 599 3536 et
619 3455 767 3556 lipitnius
790 3470 830 3536 ad
854 3471 991 3538 Sallust.
1013 3472 1089 3560 lug.
1113 3495 1185 3560 cap.
1210 3471 1265 3536 tt.
1289 3469 1436 3537 Orellius
1458 3466 1498 3531 ad
1520 3464 1630 3531 Tacit.
1654 3467 1780 3533 Annal.
1802 3467 1892 3550 Xll,
1916 3467 1968 3534 35.
1995 3483 2096 3562 atque

475 3576 673 3664 interpretes
695 3575 736 3640 ad
758 3575 881 3664 Virgil.
906 3579 993 3642 Aen.
1019 3575 1066 3657 ll,
1088 3575 1164 3642 ill.
1192 3585 1225 3641 et
1246 3575 1309 3642 Sil.
1333 3573 1408 3640 ltal.
1433 3569 1560 3654 1,365.
1590 3582 1799 3637 annotarunt.
1849 3569 1957 3638 Nobis
1987 3587 2096 3642 tamen

476 3677 673 3744 testudinem
704 3675 840 3762 forme,
872 3675 962 3764 quod
993 3676 1109 3742 Livius
1136 3676 1313 3766 aliquoties
1346 3674 1537 3765 usurpavit,
1567 3685 1600 3740 et
1627 3678 1825 3740 testudinem
1854 3701 1974 3765 apere,
2006 3677 2096 3768 quod

475 3779 562 3870 apud
584 3778 716 3844 Livium
746 3801 910 3866 nusquam
939 3778 1073 3866 legitur,
1103 3777 1146 3846 ita
1175 3779 1306 3844 differre
1326 3779 1493 3859 videntur,
1514 3792 1551 3843 ut
1572 3775 1655 3842 illud
1679 3777 1719 3840 de
1742 3783 1974 3866 συνασπισμῷ,
1995 3805 2096 3869 quem

473 3893 605 3965 vocant,
627 3881 689 3946 boc
713 3879 755 3945 de
775 3882 926 3946 maehina
948 3883 1066 3950 bellica
1090 3905 1182 3948 muro
1204 3883 1333 3949 admota
1356 3881 1495 3948 dicatur.
1541 3878 1599 3944 Sic
1614 3877 1726 3946 Latini
1742 3880 1838 3946 etiarn
1853 3884 1970 3947 uineas
1991 3907 2094 3971 opere

475 3984 646 4068 dixerunt3
675 3984 793 4072 {berre
821 4007 888 4049 non
910 3986 1000 4052 item.
1031 4024 1071 4037 -
1103 3987 1192 4053 lluic
1222 3985 1381 4054 testudini
1411 3983 1579 4050 simillima
1606 3979 1693 4069 parti
1717 3981 1801 4047 muri
1824 3980 1975 4067 admota]
2007 3981 2092 4050 Cod.

327 4129 332 4138 ·
473 4089 552 4153 lsuio
572 4088 700 4154 testudo
722 4089 887 4176 simillime
910 4093 1005 4177 porti
1026 4093 1116 4156 muri
1141 4102 1305 4178 permota.
1358 4089 1540 4177 Propterea
1571 4084 1707 4172 vulgato
1730 4083 1763 4147 iu
1787 4083 1888 4149 altera
1914 4083 2003 4150 Liuii
2025 4086 2093 4155 edi·

474 4189 564 4256 tione
586 4189 765 4256 substituis
791 4193 883 4259 Huic
903 4193 1032 4260 testudo
1055 4193 1225 4260 simillima
1248 4193 1454 4259 laumillimae
1474 4191 1570 4278 parti
1590 4185 1683 4253 muri
1702 4189 1850 4272 admoto,
1865 4200 1898 4254 et
1919 4189 2094 4261 maximam
2127 4215 2137 4248 s

472 4292 525 4358 bis
548 4292 657 4358 verbis
679 4292 807 4359 subieci
831 4295 1142 4386 interpunctionem.
1186 4296 1261 4366 Neo
1282 4294 1437 4386 poenitet.
1457 4292 1587 4359 iecisse.
1639 4288 1789 4357 Primum
1812 4291 1900 4358 euim
1920 4291 2095 4384 displicet,¹

472 4395 671 4463 testudinem
692 4419 760 4462 uon
782 4391 902 4486 muroj
930 4397 990 4465 scal
1010 4402 1105 4489 parti
1125 4400 1398 4466 muri-admotam
1417 4394 1504 4462 dieis
1536 4393 1675 4480 deinde,
1698 4418 1800 4485 quum
1824 4419 1923 4485 snpra
1945 4389 2025 4464 liaeo
2045 4395 2093 4462 le·

473 4512 610 4595 ganturr
629 4502 775 4568 Iuvenes
799 4503 900 4569 etium
922 4501 1058 4585 quidum
1080 4503 1244 4584 Romani,
1269 4500 1399 4566 ludicro
1424 4499 1566 4566 circensi
1583 4501 1631 4564 ad
1650 4522 1747 4566 suum
1770 4497 1848 4568 belli
1869 4523 1986 4586 uerso,
2012 4524 2092 4588 pora·
2194 4511 2204 4522 '

473 4618 538 4674 tem
559 4605 779 4674 lrumillimam
801 4609 893 4691 muri
914 4617 1083 4698 ceperunt,
1106 4629 1264 4696 perquam
1285 4605 1459 4696 probabile
1481 4617 1552 4694 est,
1581 4595 1779 4672 vocabulum
1798 4607 1967 4672 simillima
1989 4592 2098 4692 gemb

473 4734 549 4799 num
575 4709 781 4776 humillimae
805 4709 1038 4782 absorbuisset
1058 4708 1250 4800 praesertim
1276 4732 1378 4798 quum
1400 4708 1565 4776 simillime
1585 4710 1619 4776 in
1642 4709 1758 4777 codice
1781 4709 1973 4810 reperiatur.
2000 4707 2089 4794 ‘Quo

473 4813 580 4876 minus
610 4822 739 4894 autem,
774 4812 933 4879 uocabulo
954 4814 1123 4880 simillime
1146 4813 1180 4878 in
1204 4812 1412 4882 humillimae
1429 4825 1579 4898 mutato,
1604 4813 1811 4881 scribamusr
1843 4813 1939 4880 Haec
1961 4804 2097 4884 testudo
