4814 5970
422 881 426 896 ·
471 861 619 926 acerbus
638 861 676 924 ita
695 867 875 943 permutatas
897 877 973 936 esse
994 869 1028 923 ut
1047 861 1171 943 polonia
1194 868 1224 922 et
1237 867 1371 943 papam
1391 883 1448 946 pro
1471 865 1592 930 colonio
1613 874 1642 928 et
1659 868 1790 947 pecunia
1808 863 1981 940 iuberem
2001 873 2088 948 atqu

393 977 400 984 '
472 969 608 1034 librarios
627 970 666 1032 lta
690 987 837 1050 peccasse,
855 977 888 1031 ut
907 973 976 1031 non*
990 968 1085 1030 solum
1101 986 1215 1050 corpor,
1237 969 1317 1049 quod
1332 967 1426 1030 'lacit
1447 967 1550 1032 rinnai.
1571 967 1649 1044 Xlll,
1665 965 1716 1032 37.
1736 969 1769 1032 in
1789 967 1855 1032 cod.
1877 968 1954 1032 blod.
1968 969 2084 1050 legitur,
2114 1031 2116 1036 .

413 1077 415 1084 ‘
471 1091 528 1155 pro
550 1091 679 1154 quosque
696 1082 849 1153 ponerent,
872 1073 924 1134 sed
946 1072 1033 1135 etiam
1054 1079 1138 1135 notas
1164 1073 1196 1137 0.
1219 1081 1248 1136 ct
1271 1071 1324 1134 Cn.
1346 1091 1403 1152 pro
1423 1071 1661 1153 praenominibus
1685 1071 1778 1136 Coissa
1801 1079 1831 1134 et
1858 1069 1976 1136 Canem
1995 1093 2085 1136 usur·

470 1179 536 1260 pari
558 1175 658 1238 solitas
679 1177 709 1238 in
733 1175 892 1239 Cornelias
914 1183 1067 1238 mutarent.
1098 1175 1162 1239 tid.
1187 1175 1299 1242 Cellarii
1322 1175 1463 1255 Ortbogr.
1484 1175 1548 1238 Lat.
1572 1176 1659 1238 Tom.
1680 1176 1704 1238 1.
1726 1196 1758 1256 p.
1781 1174 1833 1240 liii.
1854 1195 1920 1258 sqq.
1944 1179 1991 1240 ed.
2005 1177 2084 1242 llari.

427 1339 431 1350 .
471 1282 639 1345 Schneideri
663 1281 792 1342 Gramm.
815 1281 879 1342 Lat.
903 1279 982 1341 Part.
1003 1280 1027 1341 Ι.
1049 1279 1112 1342 Vol.
1135 1279 1158 1340 l.
1179 1299 1209 1360 p.
1233 1275 1306 1338 325.
1334 1297 1398 1358 sqq.
1421 1277 1540 1358 Reisigii
1561 1277 1691 1342 Gramm.
1718 1279 1781 1342 Lat.
1803 1299 1834 1361 p.
1856 1277 1910 1344 62.
1932 1301 1979 1362 sq.
2000 1291 2087 1364 amus

471 1385 689 1450 Drakenborch.
712 1386 748 1446 ad
768 1385 830 1446 Liv.
851 1384 885 1458 V,
909 1381 960 1458 52,
982 1379 1012 1445 3.
1035 1392 1063 1446 et
1082 1383 1183 1458 XXVI,
1211 1383 1237 1458 l,
1264 1382 1291 1444 l.
1322 1380 1398 1456 Quid
1420 1381 1509 1461 igitur
1530 1382 1666 1464 impedit‚
1690 1403 1749 1464 quo
1771 1385 1868 1448 minus
1889 1387 2083 1468 suspicemur,

471 1497 503 1558 iu
521 1495 710 1576 palimpsesto
733 1491 760 1564 Q
780 1491 903 1564 literam,
926 1487 972 1551 cui
993 1489 1042 1549 bic
1064 1505 1197 1568 quoque,
1222 1495 1254 1552 ut
1271 1487 1321 1564 ΙΙΙ,
1345 1483 1376 1549 3.
1398 1495 1427 1549 et
1448 1485 1535 1564 alibi,
1556 1497 1697 1571 punctum
1718 1491 1809 1554 luisse
1829 1491 1991 1556 subiectum
2013 1511 2083 1574 per·

472 1595 561 1684 mam
582 1598 733 1682 probabile
754 1605 815 1670 est,
835 1615 853 1658 a
873 1593 994 1656 librario
1016 1593 1046 1654 in
1068 1593 1247 1654 contrarium
1266 1591 1398 1672 quidem,
1422 1593 1474 1654 sed
1495 1593 1673 1656 simillimum
1694 1604 1791 1658 umen
1813 1615 1945 1659 errorem
1967 1597 2085 1660 inducto

472 1713 530 1792 p'ro
560 1705 649 1768 Gom.
678 1703 737 1764 sire
769 1699 927 1764 Cornelios
951 1717 1016 1760 esse
1042 1695 1194 1777 positam?
1238 1696 1434 1766 confidentius
1462 1703 1575 1769 umen,
1605 1697 1634 1758 id
1660 1698 1741 1776 quod
1766 1715 1827 1758 nou
1856 1697 2024 1774 dissimulo,
2047 1699 2084 1762 de

472 1809 584 1882 bentii
604 1805 794 1886 cognomine,
817 1801 897 1882 quod
914 1800 1063 1880 sequitur,
1088 1799 1278 1880 pronuntiare
1305 1799 1412 1862 licebit.
1467 1797 1599 1862 Pertzius
1626 1800 1723 1876 enim,
1750 1802 1799 1884 qui
1820 1821 1853 1882 p.
1879 1797 1928 1872 ll.
1947 1803 2025 1866 bunc
2047 1803 2083 1879 0.

472 1913 624 1976 Lentulum
646 1915 830 1990 quaestorem
852 1889 994 1983 nusquam
1014 1903 1240 1966 commemorari
1261 1905 1347 1980 dixit,
1368 1925 1399 1988 p.
1423 1901 1452 1966 i.
1476 1925 1567 1986 quum
1588 1925 1750 1988 cognomen
1770 1905 1970 1993 Marcellinus
1990 1910 2083 1972 versi-

471 2018 529 2082 culi
550 2021 677 2080 extrema
698 2020 782 2094 parte
803 2007 927 2072 truucmi
949 2005 1069 2068 modum
1092 2005 1229 2067 excedere
1250 2007 1404 2082 videretur,
1425 2008 1612 2071 scribendum
1633 2010 1745 2071 cenarit
1764 2011 1961 2075 MARCELLI
1978 2013 2012 2076 Ρ.
2026 1995 2085 2076 sive

471 2120 611 2204 Marcelli
631 2117 726 2198 filins,
750 2113 830 2196 quod
850 2111 930 2174 nrdlo
951 2117 1037 2192 pacto
1060 2109 1171 2172 admitti
1191 2117 1298 2191 potest.
1342 2106 1474 2180 Primum
1496 2113 1572 2174 euim
1594 2113 1664 2176 satis
1685 2115 1933 2190 censualium
1950 2117 2083 2198 plerum·

472 2226 589 2320 quaid
612 2222 772 2304 quodiam
796 2217 1050 2280 Drakenborcbius
1078 2215 1115 2277 ad
1143 2215 1205 2279 Lir.
1224 2215 1275 2290 ΙΙΙ,
1297 2213 1351 2290 25,
1374 2213 1403 2278 3.
1435 2225 1465 2280 et
1483 2215 1621 2298 Sigonius
1648 2217 1685 2280 ad
1711 2217 1773 2280 biv.
1794 2217 1842 2294 lv,
1873 2217 1924 2296 45,
1954 2219 1985 2283 5.
2005 2229 2084 2283 recte

471 2335 697 2400 annotaverunt,
723 2345 757 2386 cx
782 2323 982 2384 Romanorum
1005 2321 1212 2384 cousuetudine
1232 2321 1323 2384 filium
1345 2342 1361 2384 a
1382 2332 1466 2404 patre
1487 2323 1600 2386 adiecto
1620 2323 1812 2404 praenomine
1833 2331 1955 2404 paterno
1978 2323 2082 2386 distin-

469 2434 563 2506 sisse
581 2430 730 2504 interdum
752 2435 865 2499 mmen,
888 2425 940 2486 sed
962 2423 1052 2485 multo
1076 2424 1186 2500 rarius,
1218 2417 1330 2504 illustre
1354 2419 1383 2487 et
1405 2427 1607 2506 pervulgatum
1628 2424 1721 2507 patris
1743 2431 1924 2508 cognomen,
1954 2427 2033 2508 quod
2053 2429 2084 2492 in

470 2533 643 2601 vocabulum
664 2529 827 2592 Marcellos
847 2509 908 2590 non
929 2527 1020 2602 cadit,
1050 2527 1104 2588 bac
1125 2527 1155 2588 in
1174 2545 1208 2588 re
1226 2547 1394 2609 usurpasse.
1420 2529 1480 2591 Liv.
1503 2529 1616 2603 XXVII,
1639 2524 1670 2591 6.
1704 2527 1747 2592 Ti.
1768 2531 1964 2613 Sempronius
1988 2531 2030 2595 Ti.
2049 2531 2081 2595 F.

472 2624 588 2721 leopos
609 2655 708 2718 oropo
727 2637 827 2716 [octos
848 2639 882 2696 ia
902 2633 1001 2695 locatas
1022 2631 1051 2695 Ρ.
1075 2631 1199 2696 Otacilii
1222 2633 1339 2709 Crassa',
1369 2653 1442 2714 quae
1465 2634 1553 2696 verba
1574 2631 1813 2696 liralrerxbcrclrio
1836 2643 1970 2715 suspecta
1992 2635 2083 2699 deleri

470 2743 570 2809 nolim.
614 2741 768 2804 Decemm'r
787 2743 857 2830 item
878 2739 973 2799 sccrr's
993 2737 1146 2818 sociandis
1166 2743 1200 2799 ia
1219 2737 1319 2803 locum
1341 2739 1383 2804 li.
1404 2739 1576 2822 Sempronii
1596 2737 1628 2802 θ.
1648 2736 1681 2802 Ρ.
1703 2741 1797 2822 loram
1820 2739 1863 2804 Ti.
1885 2741 2082 2826 Sempronius
2172 2772 2178 2786 .

471 2849 515 2916 ti.
538 2847 570 2912 Ρ.
590 2847 707 2932 leupus
727 2845 877 2927 suffectos,
897 2851 926 2905 et
946 2841 1086 2916 XXXVII,
1103 2838 1154 2904 td.
1182 2843 1285 2908 Creoti
1304 2843 1346 2907 Μ.
1367 2846 1479 2908 Atilios
1499 2820 1660 2919 Smenos,
1682 2843 1713 2907 l.
1733 2843 1871 2908 Volen‘os
1889 2843 1923 2908 P.
1943 2840 1975 2908 Ρ.
1991 2845 2082 2909 floc-

469 2971 539 3028 cos,
569 2951 600 3015 b.
626 2951 767 3014 Valerios
789 2949 820 3011 C.
843 2945 873 3008 F.
900 2945 1009 3026 Tappo.
1053 2945 1146 3026 amre
1171 2946 1212 3007 ita
1241 2947 1308 3012 alibi
1338 2949 1506 3012 sexcenties.
1529 2945 1819 3026 tramittit.
1849 2949 1888 3014 St
1907 2951 2029 3014 Aetolos
2048 2943 2080 3014 0.

475 3058 620 3130 Valeriano,
643 3054 768 3117 basuini
788 3051 888 3131 filios,
918 3054 970 3131 qus·
999 3067 1067 3112 eom
1093 3069 1129 3111 ec
1155 3061 1238 3130 pente
1264 3059 1402 3135 primm
1428 3057 1598 3116 amin'tioar
1616 3059 1784 3136 pepiperur,
1814 3053 1946 3116 consolis
1971 3055 2081 3135 freter,

467 3173 567 3226 matre
585 3165 704 3244 penitas
723 3159 843 3230 eadent,
871 3161 983 3236 eprep'e
1003 3155 1130 3220 macir.
1172 3157 1215 3218 De
1235 3159 1338 3217 tmere
1358 3155 1468 3236 patris,
1501 3155 1554 3216 siri
1576 3153 1776 3228 celeberrimi,
1807 3155 1870 3216 Lis.
1891 3153 2001 3228 XXXI,
2026 3153 2078 3216 5⁰.

468 3267 508 3330 m
526 3268 593 3332 lodi
610 3267 751 3347 fenebres
777 3281 813 3325 eo
831 3281 910 3326 anno
929 3281 986 3346 per
1005 3265 1203 3345 paumannos
1222 3269 1257 3326 ia
1274 3265 1363 3346 soro,
1391 3265 1499 3324 mortis
1517 3259 1559 3321 ΙΙ.
1585 3257 1700 3321 Valerii
1725 3257 1850 3320 laevitas·
1872 3277 1981 3332 mano,
2002 3271 2023 3320 c
2044 3257 2078 3322 P.

468 3381 498 3433 er
517 3369 559 3431 Μ.
580 3371 655 3450 filiis
675 3373 738 3430 eins
760 3371 855 3448 socti;
882 3345 910 3430 ei
935 3388 1045 3431 monas
1064 3369 1283 3448 plodiotoriom
1304 3365 1410 3425 datam
1431 3361 1468 3424 ab
1488 3365 1547 3422 iis:
1569 3364 1663 3441 pario
1684 3363 1814 3441 quiaque
1835 3371 1863 3422 et
1886 3363 1994 3441 cipiati
2013 3375 2080 3442 paoss

418 3457 422 3470 ’
465 3482 611 3554 parram.
632 3470 694 3531 Lis.
709 3469 771 3545 XL,
787 3465 839 3532 42.
861 3469 899 3532 lit
919 3489 1019 3550 uapor
1035 3469 1086 3551 Sp.
1108 3469 1280 3531 Postumius
1300 3466 1427 3530 Albinae
1448 3467 1576 3528 decessit.
1598 3463 1749 3528 inlocum
1769 3469 1833 3528 aas
1852 3465 1884 3527 Ρ.
1900 3464 2077 3546 Scipionem,

465 3575 568 3658 filiam
589 3575 731 3654 Africani
735 3623 745 3648 ,
766 3593 896 3655 sapores
918 3586 1106 3656 cooptarunt.
1156 3572 1274 3634 Deinde·
1291 3589 1351 3631 uon
1378 3569 1475 3631 minus
1504 3577 1616 3631 certum
1645 3575 1674 3629 et
1698 3565 1756 3629 lac.
1786 3568 1925 3631 Gronovii
1953 3568 1990 3631 de
2015 3569 2078 3632 biv.

466 3675 594 3752 XXXIX,
616 3673 669 3738 ⁶23.
688 3676 738 3740 ubi
760 3693 815 3756 pro
837 3675 878 3736 u.
904 3674 1052 3737 Claudias
1071 3674 1269 3737 Marcellinus
1288 3672 1366 3733 baud
1385 3672 1473 3734 dubie
1491 3692 1526 3734 ex
1547 3671 1642 3733 tribus
1662 3669 1811 3734 codicibus
1832 3680 1862 3734 et
1882 3673 1927 3736 ed.
1946 3669 2077 3736 Frob.·.’.

468 3771 680 3844 litardius
701 3779 864 3842 Marcellos
886 3777 1024 3841 Crevierii
1046 3787 1074 3840 et
1093 3777 1268 3840 Lallemandi
1290 3777 1462 3838 auctoritate
1481 3776 1707 3848 restituendum,
1728 3777 1951 3842 mmm-umis
1972 3776 2080 3842 iudico

467 3883 693 3969 comprobatum
711 3889 765 3957 est,
788 3879 951 3945 Mosellae
972 3883 1158 3959 Claudiorum
1181 3897 1343 3959 corumque
1362 3879 1545 3958 plebeiorum
1568 3895 1733 3959 cognomen
1751 3881 1859 3956 luisse,
1882 3901 1943 3944 non
1964 3881 2077 3944 Gorne-

465 3991 590 4067 liorum,
613 3989 650 4052 ad
670 4005 746 4069 quos
766 3985 879 4048 beandi
907 3987 1127 4062 referebantur3
1155 3988 1211 4049 hos
1233 3995 1335 4049 contra
1355 3985 1550 4049 Marcelb‘aos
1570 4005 1636 4047 esse
1657 3987 1889 4066 cognominatos.
1933 3986 2080 4052 Asconius

467 4094 505 4158 sd
525 4093 674 4157 Ciceronis
702 4091 783 4154 orat
810 4109 869 4173 pro
889 4089 1000 4154 Smruo
1028 4109 1058 4171 p.
1087 4087 1154 4151 188.
1183 4090 1227 4152 ed.
1251 4091 1346 4153 linies.
1375 4089 1513 4152 Faersst
1540 4091 1621 4152 eadm
1647 4087 1725 4152 darae
1753 4089 2077 4182 elementumque:

466 4217 587 4272 mss,
615 4217 694 4280 pace
712 4195 930 4260 Marcellorum
951 4193 1103 4277 appellato
1125 4207 1183 4268 esc,
1209 4197 1345 4277 plebaa'o5
1372 4215 1449 4280 poce
1469 4195 1688 4272 ratetrorsn,
1712 4199 1855 4277 patricie
1886 4195 1932 4260 (ΙΙ.
1952 4197 2073 4264 Sueten.

413 4349 422 4374 ,
465 4297 532 4360 lib.
546 4314 611 4380 cap.
630 4296 658 4361 l.
690 4298 820 4379 nmque
839 4315 901 4360 non
921 4305 993 4371 crat,
1017 4295 1133 4378 opinor,
1157 4315 1212 4360 cru·
1229 4297 1360 4366 Pertzius
1381 4311 1542 4376 vereretur,
1563 4319 1601 4363 ue
1621 4317 1786 4381 cognoram
1802 4297 2080 4366 modumve

465 4401 598 4466 versiculi
618 4419 787 4466 maumam
807 4401 966 4475 excederet,
989 4419 1079 4482 quum
1099 4401 1232 4482 plerique
1252 4421 1356 4466 sersus
1374 4404 1474 4484 sipiani
1496 4402 1588 4466 litans
1610 4409 1760 4478 wasleri,
1782 4411 1812 4465 at
1831 4401 1969 4468 librarius
1990 4404 2078 4485 mlii

464 4505 605 4588 mgrrstiis
625 4507 759 4570 extimus
779 4523 944 4588 oogrrcnreu
964 4505 1034 4568 illud
1055 4507 1095 4568 its
1114 4505 1244 4568 scribere
1263 4509 1421 4589 potuisset,
1443 4515 1477 4570 nt
1494 4513 1643 4570 anemae
1659 4505 1722 4568 eius
1743 4505 1843 4572 litemc
1860 4507 2079 4588 mter-atquc

463 4609 496 4672 in
515 4605 659 4672 vacabulo
680 4607 882 4684 cruribus,
905 4607 985 4690 qaod
1006 4607 1038 4671 in
1053 4609 1189 4672 vinomo
1211 4609 1283 4673 birli
1305 4613 1471 4693 fragmenta
1489 4611 1604 4692 lep'tnn
1627 4612 1657 4674 in
1783 4613 1907 4695 liguram
1928 4611 2076 4678 caduce·

463 4719 540 4775 rant.
567 4708 631 4772 viu.
661 4707 779 4772 humil
800 4709 894 4792 Epist
916 4712 954 4775 ad
974 4711 1180 4776 Xenuieottum
1202 4733 1235 4796 p.
1257 4711 1329 4778 334.
1350 4725 1380 4778 et
1400 4733 1477 4797 quae
1499 4713 1540 4780 ibi
1568 4717 1778 4781 sancum.
1824 4715 1907 4792 dnae
1926 4717 2078 4797 questu

462 4811 531 4890 sim,
552 4811 943 4896 perqusmprobabileest,
966 4815 1683 4910 bonalbilprndimnbntulrnnilarccllinmn,
1706 4817 2078 4904 pdmhllyn·
