4770 5994
515 668 563 742 tt

513 861 549 898 ae
580 851 662 904 nacte
688 833 797 896 tatae
820 833 978 918 medua
1004 838 1139 898 maana
1167 831 1270 894 labore
1298 857 1336 894 ao
1360 831 1491 915 periendo
1520 837 1551 894 in
1579 839 1685 896 intima
1709 835 1899 898 macedoniae
1918 843 1957 906 sit
1978 861 2123 924 aramme,

513 967 579 1029 esp.
601 951 651 1006 40.
672 967 708 1003 ne
726 957 768 1002 tot
789 946 1000 1024 imperatarum
1026 939 1153 1016 uolente,
1174 940 1273 1015 XLV,
1296 933 1380 1005 usin
1391 937 1503 1024 forum
1532 955 1566 1002 at
1585 939 1651 1000 urbi
1672 957 1879 1022 promserunt,
1911 965 1975 1027 cap.
1996 951 2026 1009 0.
2046 948 2123 1005 stetit

513 1048 596 1130 urbg,
617 1070 683 1131 cap.
707 1031 754 1110 to.
765 1043 881 1131 Μὰ
906 1047 1012 1128 capide
1031 1044 1304 1120 condemnarentur,
1326 1069 1390 1129 eep.
1415 1057 1463 1112 t2.
1486 1069 1549 1106 eum
1571 1045 1640 1108 dum
1662 1046 1706 1106 ius
1725 1046 1836 1124 dms,
1859 1071 1924 1134 cap.
1948 1051 1998 1117 14.
2021 1053 2122 1135 aequi

513 1156 584 1214 totis
603 1157 640 1215 iis
659 1169 771 1237 postea,
794 1175 858 1235 oap.
883 1161 932 1217 17.
952 1155 983 1212 in
1005 1151 1210 1212 macedoniam
1230 1150 1349 1234 culpmi,
1371 1171 1446 1214 aare.
1469 1149 1577 1227 ulmi,
1598 1153 1756 1226 nominati,
1777 1167 1807 1212 et
1826 1151 1927 1234 paullo
1949 1168 2017 1236 post
2036 1151 2124 1214 ambo

515 1255 574 1318 etti
593 1259 727 1332 censorii,
749 1277 815 1340 oep.
835 1261 887 1322 26.
911 1271 953 1318 tot
975 1257 1102 1316 omnium
1123 1253 1336 1316 multitudinem
1356 1277 1421 1314 eum
1441 1255 1472 1314 in
1485 1251 1584 1338 furias
1605 1253 1720 1316 dmum
1740 1254 1844 1339 ffisa,
1867 1277 1930 1338 cap.
1944 1261 1996 1316 39.
2018 1257 2124 1328 νηπίω

514 1364 646 1446 bonaque
664 1362 714 1444 p‘r.
738 1357 914 1436 transradit,
942 1379 1007 1440 cap.
1027 1359 1077 1418 44.
1100 1381 1175 1439 agro
1194 1371 1308 1420 tantum
1331 1355 1457 1439 ὶίςνηιηι
1480 1373 1596 1440 optato,
1625 1372 1654 1418 et
1681 1359 1753 1418 ibid.
1775 1359 1801 1418 si
1821 1371 1917 1418 autem
1938 1361 2047 1420 antiooi
2065 1381 2123 1420 nora

512 1467 680 1548 peruissent,
700 1463 864 1545 dequibus
886 1463 1023 1524 omnibus
1044 1477 1158 1524 nostras
1181 1463 1385 1528 annotationes
1406 1461 1499 1524 velina
1522 1463 1664 1528 mutatu.

603 1621 634 1702 5)
656 1617 786 1698 Grynaei
807 1615 1034 1702 supplementis,
1057 1638 1131 1696 quae
1151 1615 1306 1682 Beklierus
1326 1615 1375 1676 hic
1397 1615 1459 1676 illic
1481 1615 1734 1690 commemoravit,
1757 1638 1795 1676 ex
1817 1614 1911 1682 multo
1935 1617 2045 1676 mucro
2067 1637 2121 1676 eo-

514 1745 580 1786 rum
610 1743 733 1786 numero
763 1719 908 1784 nonnulla
935 1720 1040 1784 saltem
1069 1719 1218 1788 addidisse
1237 1722 1350 1782 iuvabit
1371 1719 1464 1781 litoris
1496 1719 1623 1783 diductis
1655 1720 1818 1802 exscripta:
1844 1717 1928 1794 XLI,
1950 1725 2002 1778 20.
2029 1733 2121 1800 potest

514 1827 620 1884 testis
641 1847 709 1896 esse,
731 1845 797 1908 cap.
817 1833 870 1890 2t.
893 1821 944 1887 M.
966 1819 1152 1908 Sempronius
1177 1822 1341 1890 Tuditanus
1358 1821 1560 1911 pontifex,
1591 1845 1656 1906 cap.
1676 1829 1727 1888 24.
1750 1839 1891 1904 suspectos
1911 1821 1987 1882 alios
2009 1848 2053 1883 ac
2071 1826 2119 1888 in-

513 1929 587 1988 uisos
608 1927 765 2018 efficimus,
795 1948 859 2008 onp.
883 1933 935 1992 27.
956 1941 982 1990 et
1005 1950 1059 1987 ova
1082 1925 1133 1990 ad
1156 1943 1267 1987 notas
1290 1927 1443 1990 curriculis
1465 1927 1685 2006 numerandas,
1711 1928 1807 2004 XLII,
1828 1935 1858 1989 3.
1884 1946 1914 1988 ut
1932 1927 1988 1996 boe
2008 1927 2122 2018 tegulae

514 2031 710 2120 reportandae
731 2029 919 2120 in‘templum
942 2029 1189 2108 locarentur,
1215 2057 1280 2122 cop.
1304 2039 1332 2094 8.
1357 2057 1445 2095 arma
1465 2025 1588 2116 primu
1612 2058 1722 2121 quoque
1742 2049 1868 2119 tempore
1883 2035 1962 2120 fieri,
1985 2056 2048 2116 cap.
2070 2037 2121 2095 18.

515 2162 658 2200 summa
679 2139 707 2196 ui
722 2135 855 2222 parabat
878 2133 1003 2214 bellum,
1034 2160 1098 2218 cap.
1125 2146 1171 2200 to.
1201 2162 1322 2198 munera
1344 2137 1466 2198 binum
1488 2137 1620 2214 milium,
1651 2160 1715 2226 cap.
1737 2141 1788 2198 23.
1803 2135 1934 2226 finem
1947 2136 2120 2222 facturum,

514 2267 580 2330 cap.
605 2253 656 2308 26.
678 2257 812 2306 emtum
836 2265 856 2300 a
878 2263 958 2330 rege
978 2263 1131 2324 agrum,
1154 2241 1226 2304 ibid.
1249 2238 1328 2301 solos
1346 2235 1519 2304 Rhodios
1529 2243 1720 2331 fluctuantes,
1739 2263 1803 2330 cap.
1827 2250 1878 2328 23.
1900 2265 1990 2324 otram
2010 2266 2120 2302 sena-

512 2347 573 2409 tus
594 2362 751 2424 censuerat,
773 2367 838 2430 cap.
861 2351 911 2407 30.
931 2345 1029 2428 primo
1051 2366 1197 2428 quoque
1218 2341 1281 2416 die,
1305 2363 1368 2426 cap.
1392 2341 1442 2402 34.
1465 2366 1506 2402 ecc
1523 2345 1731 2430 prouincia
1760 2341 1808 2404 ad
1829 2341 2007 2426 triumphum
2027 2341 2119 2408 ‹ledu-

514 2455 613 2534 cebat,
643 2475 706 2537 cap.
729 2451 780 2512 43.
810 2465 996 2532 praeparata
1016 2465 1101 2532 atque
1129 2451 1270 2508 instnecta
1300 2447 1473 2520 baberet,
1500 2469 1565 2531 cap.
1588 2451 1641 2512 46.
1669 2449 1771 2509 missos
1795 2443 1926 2510 Romam
1956 2447 2119 2532 legatos,

514 2581 578 2644 cap.
601 2556 652 2617 47.
674 2553 819 2616 intertium
839 2551 962 2617 locum
980 2557 1079 2636 finire,
1101 2578 1166 2645 cap.
1188 2555 1239 2619 48.
1256 2565 1372 2634 praeter
1394 2574 1480 2614 oram
1502 2547 1586 2615 Ital
1594 2551 1654 2616 ioe
1676 2567 1861 2636 supervectus,
1880 2574 1945 2634 cap.
1963 2554 2013 2613 54.
2037 2569 2120 2634 terga

513 2663 720 2742 dederunt,
754 2683 820 2742 cop.
847 2664 896 2720 63.
930 2683 995 2719 cum
1025 2657 1157 2742 operibus
1184 2655 1416 2747 oppugnatio
1448 2651 1552 2713 lentior
1578 2670 1663 2735 esset,
1690 2677 1755 2744 cop.
1779 2659 1831 2721 65·
1856 2653 1938 2715 mille
1960 2655 2120 2723 admodum

513 2773 738 2853 capiuntur,
760 2764 832 2823 ibid.
855 2787 925 2824 uam
947 2787 1036 2842 neque
1054 2760 1183 2850 conferti
1202 2786 1375 2845 pugnare
1394 2775 1514 2844 propter
1533 2784 1596 2838 eos,
1626 2762 1676 2840 qui
1697 2759 1898 2821 ascendere
1923 2755 1956 2821 'iit
1978 2758 2120 2829 tumulum

512 2873 712 2947 conabantur,
737 2878 887 2947 poterant,
916 2861 1027 2942 XLIII,
1049 2861 1080 2922 4.
1110 2861 1294 2922 concionibus
1322 2857 1446 2918 assiduis
1471 2855 1724 2934 lacerabant,
1757 2884 1822 2943 cap.
1853 2867 1880 2923 5.
1913 2880 2055 2952 tanquam
2078 2865 2120 2933 ad

513 2973 598 3040 aliud
616 2967 758 3031 bellum
777 2963 944 3047 gerendum,
964 2985 1028 3046 cap.
1051 2971 1100 3026 11.
1123 2966 1241 3026 comitia
1263 2961 1396 3022 baberi
1410 2975 1535 3043 possent,
1556 2961 1627 3024 ibid.
1652 2986 1764 3048 magna
1785 2987 1832 3023 ex
1851 2983 1982 3050 parte,
2005 2969 2118 3046 XLIV,

514 3083 546 3136 1.
569 3087 635 3156 post
655 3067 761 3130 scelere
788 3081 908 3150 parturn
939 3089 1108 3148 regnum,
1134 3088 1198 3148 cap.
1231 3073 1277 3130 13.
1305 3067 1481 3148 ignisque
1512 3066 1649 3144 uticense,
1678 3089 1742 3149 cap.
1767 3077 1818 3132 22.
1842 3083 1893 3126 aut
1921 3069 2016 3146 uobis,
2041 3095 2118 3131 cre-

513 3180 606 3254 dite,
635 3175 707 3240 ibid.
729 3195 851 3262 quorum
872 3184 1007 3229 auctor
1028 3191 1110 3227 necno
1132 3167 1272 3244 exstabit,
1303 3161 1374 3256 cap.¹
1391 3180 1443 3237 27.
1470 3170 1718 3238 subsisterent
1740 3171 1798 3246 ibi,
1821 3195 1887 3255 cop.
1912 3178 1961 3234 35.
1992 3200 2044 3258 per
2066 3177 2118 3236 de·

513 3311 619 3352 taxum
648 3287 686 3344 in
704 3303 807 3340 mare
827 3275 979 3337 brachium
1002 3276 1210 3334 transitum
1232 3287 1400 3351 tentaturus,
1422 3297 1485 3356 cap.
1508 3282 1559 3338 38.
1580 3273 1782 3359 fortissimum
1803 3278 1897 3336 uirum
1920 3303 1990 3339 raon
2010 3284 2118 3360 vicerit,

514 3415 578 3478 cap.
601 3393 652 3453 39.
670 3387 812 3470 optatius,
835 3403 944 3466 quam
965 3394 1018 3456 ut,
1041 3401 1179 3461 quorum,
1198 3379 1296 3456 XLV,
1319 3389 1348 3442 2.
1376 3401 1465 3462 quam
1488 3401 1566 3438 cum
1591 3381 1695 3460 paucis
1714 3402 1770 3438 rex
1789 3377 1929 3464 fugisset,
1948 3384 2021 3446 ibid.
2045 3409 2118 3446 con-

503 3496 597 3584 ferta
617 3506 699 3552 tota
724 3487 794 3548 urbe
824 3483 942 3545 deorum
963 3481 1176 3544 immortalium
1198 3480 1326 3564 templo,
1354 3503 1417 3568 cop.
1443 3493 1490 3544 10.
1512 3479 1693 3544 moderatior
1717 3486 1844 3543 oratio
1862 3481 1947 3571 firit,
1977 3510 2041 3576 cap,
2067 3497 2117 3556 11.

452 3589 457 3600 .
513 3619 697 3686 nequaquam
728 3615 801 3678 par
822 3588 987 3680 dntiocbo,
1021 3609 1084 3672 cap.
1108 3595 1158 3650 13.
1182 3609 1300 3670 regnum
1327 3587 1457 3672 patrium
1489 3609 1580 3674 prope
1603 3589 1741 3650 omissum
1770 3593 2002 3672 recepissent,
2041 3591 2116 3654 Re.

513 3725 690 3792 sponsum
711 3697 750 3758 ab
771 3709 872 3758 senatu
893 3707 952 3766 est,
977 3713 1039 3772 cap.
1065 3694 1116 3756 17.
1145 3689 1185 3750 L.
1207 3688 1341 3768 Iuniam,
1373 3685 1404 3750 C.
1431 3687 1646 3749 Antistium
1669 3689 1897 3772 Labeonem,
1927 3695 1999 3763 ibid.
2019 3701 2117 3778 primo

513 3831 655 3900 quoque
673 3819 810 3889 tempore,
832 3821 897 3880 cap.
917 3799 968 3856 23.
991 3791 1081 3856 Pbil
1088 3796 1099 3860 i
1104 3816 1177 3877 ppo
1199 3809 1226 3852 et
1246 3793 1395 3856 Antiocbo
1417 3793 1543 3870 deuictis,
1561 3796 1633 3864 ibid.
1657 3819 1731 3882 quae
1751 3819 1808 3856 non
1829 3813 1856 3856 et
1877 3799 2024 3882 improbos
2045 3805 2118 3870 ciues

513 3903 748 3992 aliquando,
771 3922 834 3982 cap.
859 3904 909 3958 30.
933 3911 1016 3960 trans
1038 3893 1161 3954 Nessum
1184 3918 1348 3976 amnem,
1372 3921 1435 3986 cap.
1457 3904 1507 3960 37.
1533 3900 1621 3958 Tum
1642 3896 1850 3977 Servilius,
1870 3883 1935 3992 cap.
1959 3907 2009 3968 38,
2031 3908 2116 3965 simi.

514 4017 552 4080 lis
574 4036 649 4075 esse
669 4013 710 4069 in
731 4009 853 4090 ingrata
874 4018 900 4062 et
922 4004 1043 4061 inimica
1064 4000 1146 4060 bonis
1168 4002 1281 4059 ciuitate
1298 3997 1375 4075 uelit,
1397 4024 1461 4084 cap.
1477 4007 1529 4062 39.
1553 4018 1579 4061 et
1597 4001 1712 4086 quidem
1730 4027 1787 4062 non
1805 4003 1974 4065 bomines
1994 4023 2117 4086 tantum,

513 4122 585 4184 ibid.
607 4133 633 4176 et
646 4117 741 4199 finem
761 4133 837 4168 eum
862 4119 1037 4180 statuerunt,
1061 4126 1126 4186 cop.
1147 4107 1200 4169 40.
1221 4101 1333 4186 duplex
1352 4109 1584 4186 centurioni,
1618 4103 1770 4189 triplex
1798 4111 1900 4190 equiti,
1927 4111 1999 4171 ibid.
2013 4113 2118 4197 ferme

440 4293 444 4302 ,
514 4219 713 4285 duodecim
735 4235 828 4273 annos
849 4225 943 4288 natus,
965 4231 1027 4292 cap.
1050 4212 1103 4276 41.
1128 4207 1170 4268 ad
1188 4231 1318 4294 pugnam
1342 4232 1406 4293 rege
1427 4224 1577 4286 coacta,
1607 4225 1634 4270 et
1656 4232 1718 4295 cop.
1742 4207 1792 4274 44.
1815 4211 1930 4275 obuiam
1952 4217 2006 4275 ire
2029 4215 2115 4302 1230.

514 4335 551 4392 tis
575 4325 703 4388 solitum.

601 4464 640 4548 6)
667 4462 738 4526 Vid.
768 4475 884 4534 tamen,
914 4459 938 4520 si
970 4456 1082 4539 pleon,
1111 4477 1186 4537 quoe
1220 4457 1250 4516 in
1280 4457 1459 4539 praefatione
1482 4457 1563 4520 Livii
1584 4459 1664 4522 Hiat.
1690 4457 1758 4520 Lib.
1782 4457 1930 4520 XXXIII.
1957 4461 2116 4538 praemissa

514 4599 547 4658 p.
572 4573 624 4638 st.
645 4589 690 4648 aq.
713 4564 848 4628 daunai.
892 4561 1031 4624 Ceterum
1054 4560 1104 4622 vel
1126 4573 1283 4648 propterca
1305 4562 1385 4641 quod
1407 4561 1539 4626 TuIeIius
1554 4575 1658 4643 quarta
1674 4560 1812 4626 editionis
1827 4574 1943 4622 nostrae
1958 4560 2112 4632 volumino

514 4677 559 4742 uti
581 4695 643 4736 non
665 4669 772 4752 potuit,
794 4669 826 4730 in
849 4665 896 4730 his
919 4665 1157 4728 annotationibus
1180 4665 1400 4732 conscribendis
1421 4665 1564 4728 rationem
1587 4666 1650 4730 eiua
1672 4663 1781 4728 habere
1803 4663 1967 4744 supersedi.

599 4813 637 4893 7)
658 4809 703 4870 CI.
726 4831 801 4890 quae
824 4807 878 4868 hac
901 4807 939 4868 de
960 4829 1010 4882 re,
1039 4829 1125 4887 quam
1148 4805 1351 4868 BeItIterianae
1373 4828 1491 4888 quoque
1515 4807 1637 4868 editioni
1656 4809 1791 4868 nocuisse
1813 4819 1915 4888 postea
1938 4808 2114 4890 videbimus,
