4770 5994
456 697 545 772 ,dl

497 863 531 930 in
553 861 653 929 nltcrs
675 857 764 926 tivit
785 855 931 924 editione
954 876 1115 944 reponere
1136 875 1204 919 non
1228 849 1396 918 debituris
1419 875 1463 918 cx
1481 855 1670 948 propinquo
1691 863 1836 940 tentore,
1859 852 1894 919 id
1913 859 1965 920 ett
1985 853 2121 920 adoriri.

495 963 582 1034 Nem
603 964 738 1032 voculas
762 971 796 1028 et
816 973 917 1052 etque
940 981 984 1027 ex
1006 983 1026 1024 ι
1045 957 1192 1024 librariis
1215 977 1314 1045 eecpc
1335 956 1534 1046 permutari,
1565 979 1666 1048 enpre
1697 957 1740 1022 ed
1763 955 1866 1041 xm,
1889 955 1921 1021 l.
1945 954 2121 1026 docuimus

496 1084 530 1140 et
557 1071 642 1138 inlre
662 1070 705 1135 sd
728 1065 866 1154 XLIV,
888 1063 942 1132 42.
965 1063 1179 1146 docebimus,
1211 1073 1246 1129 ct
1271 1070 1419 1127 nostram
1447 1060 1546 1128 huius
1571 1060 1640 1129 loci
1665 1059 1929 1128 emendetionern
1951 1061 2122 1129 confirmet

497 1177 571 1267 ipse
602 1173 734 1260 Livius,
758 1169 837 1262 qni,
859 1169 988 1237 diverse
1019 1167 1155 1258 quiden
1176 1165 1271 1232 verbi
1297 1176 1428 1234 tentore
1456 1167 1712 1254 significatione,
1744 1166 1805 1234 sed
1832 1177 1942 1233 temen
1969 1165 2122 1234 similiter

493 1281 665 1368 XXVlll,
689 1279 722 1348 3.
743 1281 784 1346 dc
807 1280 848 1346 L.
872 1276 1029 1367 Scipione
1048 1271 1191 1363 Oringin
1212 1269 1405 1338 obsidentes
1428 1271 1520 1338 misit
1540 1272 1586 1338 od
1602 1284 1732 1366 portos,
1755 1270 1877 1359 inquit,
1901 1272 1962 1363 qui
1979 1293 2024 1338 ex
2041 1293 2120 1361 pro·

493 1393 621 1486 pinque
644 1387 791 1482 alloquio
814 1387 942 1449 arsimos
965 1391 1155 1463 tentarent,
1180 1377 1214 1443 id
1238 1389 1290 1443 est
1313 1375 1553 1465 experirentur.
1582 1415 1627 1430 ·-
1657 1387 1691 1444 et
1717 1375 1918 1466 Corragum]
1942 1375 2027 1442 Cod.
2049 1397 2122 1444 cor·

496 1493 659 1576 recisum,
683 1489 789 1557 Frob.
821 1489 851 1554 l.
878 1485 1085 1568 Corrocrom,
1119 1483 1243 1550 omisso
1266 1495 1316 1566 et,
1351 1477 1456 1572 qnod,
1485 1479 1620 1546 nomine
1645 1479 1833 1550 Cori-acum
1861 1479 1896 1546 in
1931 1479 2122 1572 Corropuns

496 1608 641 1682 mutato,
668 1595 704 1662 in
732 1590 834 1659 llrclr.
857 1591 891 1656 2.
916 1589 1079 1656 adiectum
1102 1609 1197 1669 esse,
1219 1585 1511 1654 Drakenborchine
1541 1598 1699 1654 annotare
1724 1585 1884 1677 neglexit.
1909 1625 1953 1639 -
1982 1587 2121 1679 inexpn·

496 1701 640 1793 gnabilis
662 1721 715 1765 res
738 1696 841 1783 esset]
863 1693 1052 1761 Gronovius
1074 1690 1271 1757 rocnbulunr
1294 1716 1370 1778 res,
1393 1690 1483 1782 quod
1506 1691 1586 1757 terri
1606 1691 1743 1780 nequit,
1767 1691 1801 1756 in
1823 1687 1905 1758 urbs
1926 1689 2122 1757 mntendnnr

497 1825 570 1872 esee
599 1801 756 1872 coniecit.
810 1799 904 1866 Bcne
934 1795 1091 1885 quidenn3
1120 1795 1298 1861 dommodo
1328 1797 1392 1863 lroe
1419 1818 1486 1862 non
1515 1793 1615 1862 nirnie
1640 1795 1742 1884 longe
1771 1821 1791 1861 n
1812 1793 1938 1864 codicis
1958 1796 2122 1886 scripture

495 1903 675 1976 recederet.
725 1899 844 1989 ltsquc
874 1899 1097 1965 coniecturam
1127 1897 1161 1961 in
1194 1895 1304 1987 lipist.
1337 1900 1376 1967 od
1401 1901 1549 1968 Goeller.
1578 1925 1615 1990 p.
1638 1899 1715 1967 478.
1747 1894 2120 1989 propositnrifssnccutns

495 2009 632 2097 vulgato
654 2030 710 2072 res
734 2014 821 2071 esset
841 2003 876 2068 in
900 2002 1027 2069 minore
1050 1999 1139 2068 Livii
1165 2000 1312 2067 editione
1341 2006 1518 2072 restitisset
1538 2001 1710 2070 substitui.
1754 2003 1879 2088 Vides,
1898 1993 2043 2070 lrrrdrcm
2066 2027 2123 2093 pc·

495 2113 625 2204 perisse
640 2127 796 2189 errorem,
811 2117 911 2194 etque
931 2105 1109 2171 restitisset
1128 2104 1270 2194 primurn
1286 2106 1320 2173 in
1343 2111 1505 2192 restisset‚
1522 2105 1642 2173 deinde
1664 2107 1699 2174 in
1722 2131 1776 2175 res
1791 2118 1876 2174 essct
1898 2130 2005 2197 prono
2021 2107 2125 2199 lnpsn·

496 2213 631 2284 abiisse.
676 2206 797 2299 Neque
820 2209 861 2274 ed
882 2207 983 2275 verbe
1006 2207 1183 2296 coniugato
1206 2211 1384 2276 restitisset
1405 2221 1438 2276 et
1459 2210 1587 2277 adstitit
1605 2210 1783 2301 quiequam
1804 2209 1961 2294 offender,
1977 2210 2037 2301 qni
2056 2231 2122 2296 rne-

496 2319 651 2404 mincrit,
683 2317 760 2384 telis
790 2313 876 2404 opud
906 2312 1050 2402 optimos
1076 2335 1228 2402 quosque
1256 2313 1435 2402 scriptores
1464 2315 1617 2404 reperiri.
1669 2315 1787 2382 Livius
1821 2313 1913 2403 ipse,
1937 2324 1974 2381 ut
1993 2337 2036 2380 ex
2057 2313 2122 2382 too

496 2436 607 2517 petens
634 2420 841 2510 exemplum,
870 2415 1051 2502 XXXlll,
1083 2415 1137 2482 tt.
1169 2415 1324 2506 scripsite
1354 2420 1401 2484 od
1427 2419 1688 2504 restituendam,
1714 2429 1753 2486 ut
1780 2419 1995 2506 instituerat,
2026 2417 2123 2508 Lysi·

494 2525 672 2595 mocltiom.
