4770 5994
1843 659 1897 738 63

272 821 346 891 dice
372 820 527 908 reperiri,
551 818 742 907 liopitarius
771 831 886 909 postea
913 843 965 884 rue
985 817 1108 886 docuit.
1135 859 1176 871 -
1194 819 1284 917 ,huic
1308 819 1348 884 ad
1371 819 1529 886 libramen
1554 823 1675 910 pinnac
1698 835 1777 904 tres,
1802 823 1895 890 velut

272 925 406 1014 sagittis
430 927 552 1009 solent,
575 924 876 1010 circumdabantur]
902 923 985 990 Cod.
1006 924 1084 992 lauic
1106 929 1148 992 ab
1173 925 1244 1014 lrpe
1265 925 1390 990 limene
1409 927 1534 1012 pinuae
1557 938 1623 990 tres
1647 927 1743 991 uelut
1761 929 1893 1015 aupittie

271 1031 379 1098 ualent
405 1025 778 1117 circumsmadnlruulur.
831 1027 1002 1116 Grpnacus
1034 1028 1069 1095 in
1101 1029 1163 1096 boc
1194 1029 1267 1093 loco
1306 1027 1511 1092 emendando
1544 1029 1663 1093 frustra
1699 1027 1889 1094 elaboravit.

269 1134 456 1222 Propterea
477 1132 616 1200 certiore
637 1129 828 1198 coniectura
850 1130 968 1196 duetus
991 1155 1064 1198 aneo
1087 1132 1237 1220 periculo
1261 1131 1368 1196 edidi:
1392 1133 1486 1198 Huic
1501 1129 1663 1224 ulriepnue
1680 1135 1795 1198 breues
1817 1133 1891 1218 pin·

269 1260 336 1302 reue
366 1247 456 1316 tres,
479 1235 571 1301 uelut
599 1237 730 1323 cupillis
753 1233 882 1316 solent,
913 1234 1232 1318 circumdabuntur,
1248 1255 1332 1322 quae
1355 1257 1427 1298 cnm
1453 1233 1560 1298 verbis
1584 1235 1716 1322 Polybii
1739 1233 1890 1318 XXVll,

268 1339 301 1408 9.
334 1334 383 1416 εἷς
408 1337 446 1406 δὲ
476 1333 596 1402 τούτου
625 1335 663 1402 τὸ
689 1337 793 1419 μέσον
823 1332 998 1424 ἑσφήνωτο
1022 1333 1183 1425 πτερύγια
1203 1333 1280 1424 τρία
1304 1331 1433 1416 ξύλινα,
1456 1341 1582 1424 βραχέα
1607 1341 1789 1418 παντελῶς,
1809 1337 1891 1429 opti·

268 1467 321 1512 mc
351 1439 571 1524 conveniunt,
599 1453 632 1506 ct
663 1441 705 1506 ad
733 1440 921 1524 literarum,
953 1462 1037 1528 quac
1060 1437 1093 1503 in
1115 1439 1229 1504 codiee
1258 1450 1458 1526 supersunt,
1488 1441 1606 1508 ductus
1628 1443 1778 1530 proxime
1801 1467 1890 1510 aeec-

269 1550 365 1618 dunt.
394 1547 472 1617 Bc.
503 1550 547 1617 B.
595 1549 758 1618 Similiter
785 1548 883 1616 etiam
915 1548 990 1614 Liv.
1012 1545 1120 1630 XXI,
1143 1545 1175 1612 8.
1201 1545 1234 1610 in
1265 1541 1416 1610 falerinae
1446 1543 1669 1632 descriptione
1695 1545 1892 1615 vocabulum

269 1656 410 1746 abiegno
439 1677 459 1718 ι
485 1652 630 1718 librariis
662 1653 874 1742 depravatum
903 1665 966 1720 cst.
1019 1651 1071 1718 Dc
1101 1649 1231 1716 duobus
1256 1646 1428 1714 adiectivie
1459 1647 1514 1712 uni
1538 1647 1744 1714 substantivo
1768 1649 1891 1717 iunctis

267 1757 337 1828 vid.
359 1755 611 1823 Drakenborch.
636 1757 678 1824 ad
699 1756 775 1824 Liv.
797 1756 949 1842 1‚14‚7.
973 1769 1006 1823 et
1021 1747 1172 1824 Walclrii
1193 1751 1381 1817 Emendatt.
1405 1750 1480 1817 Liv.
1503 1776 1539 1841 p.
1560 1749 1614 1818 83.
1661 1753 1813 1822 Ceterum
1837 1783 1891 1828 vo.

269 1857 422 1930 rabulum
449 1859 579 1949 ῥινᾶν,
603 1857 694 1948 quod
726 1860 889 1952 sequitur,
912 1857 1001 1924 baud
1030 1857 1129 1923 dubie
1152 1855 1273 1936 effecit,
1296 1866 1333 1920 ut
1353 1853 1508 1920 librarius
1531 1857 1892 1946 circumfundebantur

266 1987 329 2053 pro
357 1962 655 2030 circumdabantur
681 1961 851 2033 scriberet.
874 2002 917 2016 —-
946 1959 1046 2028 lunda
1074 1960 1180 2028 media
1212 1959 1277 2024 duo
1309 1959 1432 2024 localia
1465 1959 1591 2048 inperia
1617 1961 1773 2049 babebat]
1804 1963 1889 2032 Cod.

265 2065 377 2156 tiendo
404 2066 514 2132 merlin
544 2066 610 2132 cluo
638 2089 712 2132 crana
739 2066 808 2132 ulio
838 2069 952 2154 inpari
974 2065 1129 2132 babebat.
1176 2063 1317 2130 Dubitcs
1341 2062 1454 2154 igitur,
1478 2087 1517 2128 an
1542 2062 1714 2152 Grynacus
1734 2067 1822 2134 bunc
1844 2069 1891 2137 lo·

268 2195 343 2247 euna
372 2180 460 2236 recte
488 2170 722 2236 emendaverit.
769 2169 942 2238 Ernestius
971 2170 1004 2234 in
1033 2169 1145 2236 Gloss.
1175 2167 1250 2236 Liv.
1281 2189 1373 2232 arv.
1402 2169 1549 2250 scutale,
1582 2169 1673 2258 qnod
1702 2171 1786 2238 l'alsn
1811 2172 1891 2239 dicit

269 2273 459 2362 significare
492 2284 619 2362 partem
643 2272 784 2357 fundae,
816 2273 869 2340 cui
892 2273 1080 2361 imponatur
1101 2272 1187 2362 lapis
1211 2270 1410 2356 mittendus,
1433 2270 1618 2354 collutavit,
1640 2285 1792 2362 patruum
1814 2276 1891 2342 ecri-

267 2377 347 2456 berc
369 2375 524 2442 maluisse
544 2377 704 2459 scutalia,
721 2375 755 2442 id
778 2388 829 2444 est
849 2377 993 2443 babcnas
1016 2376 1086 2442 sive
1106 2377 1189 2460 lora,
1209 2375 1299 2468 quod
1319 2397 1386 2440 uon
1400 2374 1567 2464 displicet.
1590 2375 1665 2442 Liv.
1684 2375 1890 2466 XXXVlll,

267 2481 322 2552 29.
348 2483 389 2548 de
411 2480 513 2546 tanda
533 2481 701 2547 Achaicae
722 2484 772 2548 Ea
792 2494 841 2547 cst
861 2505 930 2548 anun
951 2479 1106 2569 airraplicis
1128 2480 1294 2563 dundenae,
1317 2481 1553 2546 rebellarim
1576 2483 1790 2578 aliarumque
1812 2511 1891 2578 pert·

269 2590 353 2656 tium
372 2585 498 2677 [ursulae
514 2588 576 2652 seri
594 2586 720 2673 triplex
736 2587 877 2668 scrutnle,
896 2586 1023 2652 crebris
1044 2588 1173 2652 creterris
1196 2587 1367 2665 duratum,
1385 2609 1427 2650 ree
1446 2585 1545 2674 fluxu
1568 2586 1702 2655 leuberto
1723 2589 1891 2658 volutetur

267 2693 304 2758 in
324 2690 551 2781 incoepimus,
574 2690 648 2772 sed,
673 2688 796 2756 libratu
818 2713 921 2784 quum
950 2691 1097 2775 sederit,
1125 2691 1218 2758 uelut
1242 2715 1344 2756 aternu
1375 2693 1477 2756 missu
1506 2696 1707 2760 excutiatur.
1754 2695 1891 2761 llabena

267 2790 390 2860 fundae
411 2814 429 2855 a
451 2790 595 2878 Polybio
617 2789 757 2880 aliisque
779 2791 886 2857 κῶλον
906 2804 1053 2859 vocatur.
1097 2794 1237 2861 Snidasr
1260 2793 1374 2858 Kr'e'in·
1395 2793 1438 2858 τὰ
1466 2797 1525 2880 τῆς
1547 2794 1729 2884 σφενδόνης
1751 2793 1891 2890 ἑκάτερα

270 2897 367 2986 μέρη.
411 2893 493 2961 Vid.
522 2891 633 2984 Lipsii
663 2892 846 2960 Poliorcet.
878 2893 950 2977 lV,
979 2893 1012 2959 3.
1042 2933 1085 2945 ›-
1111 2895 1227 2961 maiori
1257 2895 1346 2979 sinu]
1371 2892 1455 2960 cad.
1482 2899 1621 2962 maioris
1642 2900 1729 2963 siren.
1778 2898 1890 2985 Quum

267 3002 392 3068 frustra
419 2998 529 3066 locum
560 2995 820 3088 quaesivissem,
851 2997 907 3062 nbi
937 2997 1043 3064 media
1068 2997 1189 3065 suadac
1214 3023 1303 3090 pars,
1327 2999 1380 3066 cui
1406 2999 1501 3088 plane
1526 3000 1775 3090 imponebatur,
1797 3007 1891 3072 riuus

267 3111 396 3201 {ianrlue
418 3117 567 3189 vocetur,
586 3117 620 3170 et
641 3102 784 3193 bipalme
807 3101 972 3191 spiculum
992 3100 1104 3166 bastili
1127 3100 1348 3168 semicubitali
1373 3101 1510 3167 inlixum
1530 3103 1666 3187 maiore,
1684 3099 1780 3193 ajuam
1796 3107 1892 3193 plens

266 3214 426 3305 vulgaris,
448 3210 661 3280 contentione
683 3207 803 3277 virium
826 3217 915 3273 essct
937 3204 1136 3290 librandum,
1153 3230 1213 3298 pro
1230 3209 1353 3270 nauiori
1374 3208 1450 3271 sinu
1466 3205 1500 3270 in
1523 3206 1624 3272 altera
1637 3207 1726 3274 Livii
1747 3209 1892 3276 editione

267 3319 391 3384 maiori
416 3318 495 3380 nien
524 3313 751 3402 reponendum
782 3333 856 3376 esse
883 3309 1010 3399 putavi.
1062 3311 1197 3374 Maiore
1215 3312 1308 3390 nura,
1331 3309 1422 3397 qnod
1440 3307 1537 3374 Lirin
1559 3335 1694 3401 qnoque
1718 3314 1891 3380 restituen-

269 3417 347 3485 dum
377 3413 531 3496 videaur,
563 3413 718 3479 dixerunt
747 3411 868 3501 virgil.
901 3414 990 3478 Aen.
1024 3408 1094 3492 lll,
1118 3409 1171 3475 37.
1205 3410 1348 3476 ancdr.
1379 3409 1408 3492 l,
1432 3409 1486 3492 24,
1520 3411 1552 3475 7.
1578 3426 1611 3477 ct
1632 3412 1762 3484 Colum.
1786 3415 1833 3499 ll,
1856 3418 1890 3480 2.

269 3521 392 3614 quibus
415 3519 499 3585 adde
520 3519 584 3586 Sil.
610 3517 685 3585 ltal.
708 3517 790 3600 XV,
812 3516 888 3582 754.
911 3517 1060 3582 Hastam
1079 3535 1307 3604 praepropero
1331 3515 1407 3578 raian
1427 3515 1517 3578 iacit.

354 3682 438 3771 Cap.
467 3676 597 3747 vat.
629 3674 859 3764 vebieulisquc
893 3673 1055 3738 frumento
1088 3667 1234 3733 onustis:
1267 3665 1308 3730 iis
1333 3662 1453 3755 caesis]
1487 3663 1572 3730 Cod.
1604 3667 1745 3732 oaauatiia
1773 3672 1890 3736 cueriu.

267 3788 440 3858 lacobsius
470 3785 504 3850 in
535 3779 633 3848 Notis
664 3779 700 3845 iu
726 3777 818 3844 Livii
840 3775 918 3842 Lib.
940 3771 1112 3840 XXXlll.
1135 3795 1171 3860 p.
1196 3767 1270 3835 391.
1295 3769 1404 3834 minus
1427 3768 1645 3858 probabiliter
1667 3775 1813 3856 onustis,
1836 3775 1892 3840 iia·

268 3919 333 3986 pue
353 3892 478 3972 eleusin
504 3884 734 3972 Heusingerus
757 3881 834 3948 coll.
856 3878 933 3946 Liv.
958 3877 1095 3959 xxix,
1117 3876 1170 3940 ³3.
1189 3877 1280 3942 rluue
1294 3887 1422 3942 tumne
1438 3875 1590 3960 incerere,
1605 3875 1728 3941 rectius
1752 3879 1890 3958 annatim

268 3997 311 4062 iia
333 3995 443 4060 buerit
465 3989 676 4058 scribendum
699 4009 773 4051 ease
802 3983 944 4050 censuit.
988 3979 1063 4046 Hoc
1086 3977 1257 4044 Bebbcrna
1279 3973 1416 4065 recepit,
1441 3975 1485 4042 ita
1507 3988 1630 4060 tamen,
1655 3987 1703 4061 ut,
1727 3978 1892 4066 pronomi-

269 4119 313 4162 ne
343 4097 384 4160 ite
412 4094 549 4174 omisso,
577 4091 645 4159 loci
677 4085 848 4178 depravati
877 4083 1140 4150 emendationem
1166 4079 1362 4145 absolveret.
1397 4116 1436 4126 -
1464 4091 1642 4169 utcumque
1670 4080 1893 4170 explicaretur

269 4199 403 4289 egenen]
420 4197 487 4263 Pro
511 4198 588 4264 duan
607 4208 792 4286 utcunque,
813 4191 905 4282 qnod
917 4189 1088 4256 Belalrerus
1111 4208 1152 4250 ex
1174 4181 1336 4250 Gronovii
1359 4184 1546 4247 coniectura
1568 4183 1706 4272 recepit,
1726 4199 1764 4253 ut
1777 4197 1891 4254 uteun-

270 4327 335 4396 que
357 4299 549 4387 scripsisse,
572 4323 637 4364 non
659 4309 711 4364 est
733 4319 792 4364 cnr
814 4319 865 4360 ure
888 4293 1068 4384 poeniteat.
1087 4287 1162 4356 130.
1207 4285 1294 4353 Nam
1314 4283 1429 4350 vocula
1453 4298 1490 4352 nt
1513 4285 1656 4372 lucilius,
1674 4309 1773 4376 quarn
1798 4291 1889 4371 duna,

269 4430 289 4473 a
320 4403 471 4495 proximo
500 4413 670 4498 utcunque
691 4400 802 4490 potnit
831 4396 1002 4488 intercipi.
1034 4431 1072 4448 -
1101 4389 1370 4474 detrudentibus]
1400 4388 1484 4454 Cod.
1516 4391 1765 4476 detonantibus,
1786 4391 1891 4481 qnod,

268 4507 349 4576 licet
376 4500 530 4580 librarius
553 4502 683 4568 tertiana
705 4501 803 4566 buius
833 4498 987 4566 vocabuli
1017 4497 1143 4564 literana
1175 4502 1300 4582 puncto
1326 4490 1583 4582 superimposito
1610 4491 1798 4580 induxerit,
1823 4515 1892 4562 uon

270 4623 337 4678 tam
360 4609 396 4676 in
417 4607 655 4690 detinentibus,
663 4627 763 4694 qnam
785 4603 821 4669 in
843 4602 1060 4670 deicientibus
1082 4601 1153 4666 sive
1175 4595 1406 4664 deiicierrtibue
1428 4596 1621 4664 mutandum
1643 4621 1717 4664 ease
1740 4609 1890 4688 apparet.

357 4743 441 4834 Cap.
467 4739 612 4808 vatt.
635 4750 670 4806 et
692 4735 898 4830 propinquos
919 4740 1068 4820 tentare]
1100 4733 1184 4800 Cod-
1214 4744 1248 4800 et
1271 4737 1463 4830 propinquo
1494 4743 1664 4824 temptare.
1710 4733 1891 4822 Propterea
