4770 5994
473 684 522 765 70

473 877 534 942 pro
557 853 797 934 ineoaasnitana,
829 876 904 940 cap.
926 851 979 917 27.
1005 853 1131 918 violato
1164 872 1225 938 pro
1253 853 1434 938 inuiolata,
1463 867 1496 920 et
1517 854 1629 941 XLV,
1655 857 1685 921 1.
1718 871 1832 926 certae
1860 873 1921 951 pro
1943 866 2096 934 intentae

472 959 507 1023 in
531 957 644 1023 codice
680 957 813 1044 legitur.
841 993 882 1004 -
911 968 944 1020 et
973 956 1089 1020 bovem
1120 953 1274 1018 feminam
1303 958 1444 1024 locutam
1474 959 1606 1046 publice
1636 961 1701 1046 ali]
1732 961 1830 1027 fland
1861 965 1930 1028 sein
1953 987 1993 1030 an
2014 955 2098 1053 post'

473 1061 616 1126 lucratum
638 1059 774 1124 verbnm
798 1061 991 1153 iussumque
1018 1057 1062 1122 sit
1086 1056 1312 1122 inserendum.
1345 1058 1424 1125 Vid.
1457 1081 1542 1148 qnae
1573 1061 1730 1128 Dnlrerns
1753 1064 1934 1129 annotavit.
1968 1101 2006 1116 --
2037 1067 2094 1132 ad·

472 1166 620 1249 fulserat]
647 1165 759 1230 Malim
783 1165 911 1251 etipse
939 1164 1124 1253 effulserat,
1149 1161 1240 1252 qnod
1262 1158 1429 1228 Gronovio
1453 1163 1588 1251 placuit.
1614 1164 1776 1231 Nonnihil
1801 1162 1929 1234 diversa
1943 1181 1995 1234 cst
2009 1171 2093 1238 ratio

471 1269 536 1334 loci
560 1270 634 1334 Liv.
656 1267 757 1352 XXl,
779 1267 833 1332 62.
858 1279 891 1333 et
912 1273 1050 1335 aravium
1073 1273 1213 1358 speeiem
1241 1269 1282 1332 de
1312 1266 1403 1330 coelo
1437 1267 1628 1353 adfulsisse.
1654 1305 1692 1316 -
1717 1269 1889 1358 inpluvio]
1922 1272 2095 1339 Gronovio

471 1377 662 1458 obsecutus,
686 1375 808 1458 addita,
833 1399 916 1464 quae
941 1376 1035 1442 facile
1059 1375 1249 1456 intercidit,
1272 1368 1409 1450 vocula,
1433 1369 1468 1432 in
1489 1370 1647 1458 impluvio
1670 1371 1801 1458 scripsi.
1825 1375 1900 1440 BC.
1925 1378 1969 1442 B.
1993 1389 2092 1444 -et

471 1477 681 1562 addiderunt,
706 1479 753 1543 uti
776 1479 973 1568 supplicatio
997 1479 1103 1565 lieret]
1127 1479 1210 1544 Cori.
1236 1489 1267 1545 ct
1286 1487 1325 1543 nt
1346 1476 1506 1540 didernnt
1526 1478 1578 1540 nti
1597 1477 1776 1565 scaplicutio
1797 1479 1905 1567 fieret.
1950 1481 2091 1548 [luerin-

469 1580 545 1668 gius
570 1581 736 1668 vulgatum
761 1581 804 1646 ita
834 1581 1001 1662 defendit,
1033 1593 1069 1647 nt
1096 1581 1237 1647 ridiculo
1267 1601 1377 1644 errore
1408 1589 1524 1666 eaptus
1556 1603 1738 1665 pronomen
1769 1585 1890 1674 paribus
1918 1609 1983 1650 non
2013 1612 2091 1654 curn

470 1686 535 1751 diis
556 1685 784 1772 coninuperet,
809 1684 866 1750 sed
887 1685 927 1748 ad
952 1684 1153 1772 praecedens
1176 1685 1291 1748 bestiis
1315 1680 1465 1761 referret,
1489 1691 1588 1768 atque
1612 1681 1728 1748 verber
1755 1697 1788 1750 et
1808 1687 2088 1781 addidcrnntpro

470 1794 570 1856 etium
591 1791 814 1870 addiderunt,
838 1811 885 1852 se.
910 1788 1138 1879 qrradrupiutu
1160 1786 1340 1851 uanioribus
1363 1785 1497 1867 bestiis,
1522 1786 1629 1874 posita
1653 1811 1726 1852 esse
1749 1789 1962 1860 existimaret.
2009 1797 2088 1882 Quo

470 1893 601 1984 quidem
626 1893 709 1959 nibil
732 1893 798 1958 dici
822 1901 878 1956 aut
899 1891 982 1976 fingi
1008 1900 1118 1977 potest
1138 1887 1296 1977 ineptius.
1343 1887 1552 1972 Gronovius,
1577 1889 1626 1954 vir
1647 1891 1789 1958 aarrioris
1813 1895 1948 1981 indicii,
1979 1901 2088 1967 lneurn

468 2000 556 2066 band
586 1999 684 2064 dubie
707 1999 900 2064 mendosum
925 1998 974 2060 sic
995 1995 1232 2060 restituendum
1262 2015 1335 2058 csse
1366 1991 1583 2058 existimavitr
1616 1990 1835 2062 Publicornm
1859 2003 2089 2090 prudipioruua
2139 2029 2142 2034 ·

470 2128 573 2170 carna
597 2105 689 2170 libris
719 2105 900 2167 decemviri
921 2103 1042 2182 aditis,
1074 2102 1302 2196 prendrupintu
1329 2100 1514 2165 maioribus
1545 2100 1663 2165 bestiis
1694 2105 1815 2190 paribus
1846 2107 1909 2172 diis
1936 2111 2090 2178 consules

466 2205 711 2294 sacrificarent,
736 2208 925 2286 ediderunt,
950 2215 995 2285 et,
1018 2207 1069 2270 nti
1090 2205 1288 2291 snpplicatio
1308 2202 1418 2290 fieret,
1441 2214 1503 2268 etc.
1551 2204 1772 2271 Posteriorem
1797 2207 1956 2276 Gronovii
1977 2233 2087 2278 emen·

467 2308 634 2374 dationem
665 2308 1056 2394 {laempdon-Cresius
1093 2319 1125 2372 et
1158 2305 1324 2370 bekkerus
1354 2306 1596 2393 probaverunt,
1628 2322 1662 2374 et
1683 2333 1746 2396 epo
1770 2334 1904 2401 quoquc
1927 2315 2085 2402 probavi3

466 2413 512 2480 ita
536 2424 663 2495 tamen,
688 2423 723 2477 nt
748 2435 814 2476 non
845 2423 877 2478 et
898 2416 968 2495 uti,
998 2410 1057 2476 seul
1086 2423 1118 2478 et
1143 2421 1181 2476 nt
1202 2409 1399 2497 supplicatio
1425 2407 1542 2496 fieret,
1576 2412 1785 2478 scribendum
1809 2440 1883 2480 esse
1903 2441 2084 2486 censerem.

469 2517 671 2584 Benedictus
700 2519 805 2598 cuitu,
842 2527 877 2580 nt
899 2517 1004 2580 etuti
1025 2537 1092 2580 non
1115 2510 1357 2576 admittendum¹
1378 2533 1451 2576 esse
1475 2509 1627 2596 doc‘eret,
1659 2515 1692 2578 iu
1716 2515 2014 2588 Observationibns
2043 2523 2087 2588 ad

461 2620 626 2710 'quaedem
650 2617 737 2686 Livii
761 2619 846 2700 loca,
869 2619 1053 2706 Targaviae
1077 2643 1106 2684 a.
1137 2615 1230 2680 1808.
1254 2613 1365 2696 editis,
1389 2639 1424 2701 p.
1450 2615 1481 2678 5.
1505 2617 1691 2699 annotavit,
1715 2618 1847 2684 Livium
1880 2622 1911 2686 iu
1937 2624 1993 2690 tali
2016 2648 2087 2690 ver·

465 2723 581 2790 borum
604 2726 839 2790 coniunctione
862 2723 932 2788 sive
956 2733 988 2788 et
1008 2732 1059 2802 aet,
1082 2721 1152 2786 sive
1174 2723 1291 2813 ntique
1314 2717 1457 2783 scribere
1482 2718 1609 2804 solere,
1640 2721 1742 2787 veluti
1765 2721 1951 2804 XXXVll,
1975 2725 2029 2790 tt».
2053 2741 2087 2794 et

465 2827 548 2912 Vll,
569 2831 622 2894 12.
656 2829 717 2894 llis
742 2827 825 2894 locis
854 2825 955 2892 addas
984 2827 1081 2892 velim
1112 2824 1317 2905 XXXVlll‚
1342 2825 1395 2888 ab.
1418 2823 1532 2908 XLll,
1552 2827 1584 2889 2.
1618 2839 1650 2891 et
1670 2825 1801 2910 XLlV,
1824 2827 1877 2891 21.
1906 2828 1963 2892 ubi
1994 2841 2027 2894 et
2047 2841 2086 2895 ut

413 2965 418 2982 ι
464 2935 597 3021 legitur.
636 2933 673 2998 Si
696 2933 770 3019 quis
793 2941 914 3012 nutem,
939 2953 1040 3018 quum
1061 2926 1218 2992 librarius
1242 2927 1294 2992 bie
1317 2951 1450 3017 quoqne
1473 2930 1512 2991 ad
1536 2933 1713 2995 remotiora
1733 2933 1903 2996 aberrasse
1925 2947 1969 3014 et,
1985 2936 2085 3001 verbo

465 3040 642 3105 ediderunt
664 3036 808 3116 omisso,
833 3047 866 3101 ct
888 3038 939 3100 nti
961 3034 1147 3120 scripturus
1171 3042 1203 3098 et
1224 3043 1263 3097 ut
1284 3031 1328 3096 ita
1351 3031 1528 3118 scripsisse
1550 3033 1718 3114 videatur,
1749 3045 1784 3098 ut
1805 3057 1879 3098 cunr
1903 3035 1960 3100 illo
1984 3037 2085 3103 verbo

465 3139 679 3221 coalesceret,
701 3138 827 3205 codicis
841 3135 1029 3204 auctoritati
1049 3135 1299 3223 obsequendum
1320 3159 1394 3202 esse
1410 3135 1573 3219 statuerit,
1588 3160 1654 3200 nou
1672 3137 1856 3226 praefracte
1876 3143 2083 3230 repugnabo.

464 3277 506 3292 -
529 3242 731 3328 praeierunt]
754 3241 908 3306 Deberns
925 3240 1031 3306 suasit
1049 3251 1309 3328 praeceperunt.
1355 3238 1469 3304 Malim
1487 3242 1749 3328 praedixerunt,
1773 3240 1805 3304 id
1830 3255 1880 3307 cst
1900 3246 2083 3328 inssemut,

465 3343 554 3431 qnod
577 3343 619 3409 ad
643 3343 768 3409 codicis
791 3343 990 3431 scripturam
1013 3344 1152 3432 propius
1175 3342 1331 3410 accedere
1354 3343 1494 3408 videtur.
1520 3341 1575 3408 Cf.
1598 3342 1698 3408 Fabri
1721 3342 1761 3408 ad
1776 3343 1852 3410 Liv.
1875 3343 2082 3430 xxt,10‚3.

550 3478 633 3567 Cap.
664 3477 760 3542 xtv.
793 3477 938 3564 tribuni]
971 3477 1054 3544 Cod.
1079 3481 1150 3568 pin,
1179 3476 1269 3564 qnod
1300 3476 1486 3564 scripturae
1513 3477 1745 3562 compendium
1774 3490 1807 3546 et
1832 3495 2023 3568 praetorem
2049 3495 2084 3550 ct

461 3591 638 3670 praetores
660 3583 835 3670 signifieat.
881 3583 955 3648 Hoc
977 3583 1086 3669 ipsum
1110 3593 1232 3663 aretem,
1258 3581 1346 3668 quod
1370 3581 1539 3648 iu¹eodiee
1557 3581 1695 3670 legitur,
1720 3584 1798 3649 coll.
1819 3607 1890 3672 cap.
1910 3585 1960 3650 ll.
1976 3597 2010 3652 et
2029 3587 2080 3655 15.

462 3687 701 3753 restituendum
724 3709 811 3768 esse,
828 3685 1016 3752 certissima*
1034 3707 1112 3750 sane
1136 3684 1323 3749 coniectura
1347 3687 1517 3774 perspexit
1534 3686 1731 3752 Perizonius
1754 3686 1899 3754 addanae
1921 3688 2085 3777 „Scripta

462 3791 549 3856 band
572 3789 672 3855 dubie
696 3789 757 3853 fnit
778 3811 842 3854 vox
860 3800 1035 3876 praetores
1058 3809 1119 3874 per
1141 3787 1221 3851 duas
1245 3785 1355 3854 literas
1373 3813 1424 3877 pr.
1451 3789 1537 3854 unde
1559 3788 1684 3854 librarii
1701 3813 1761 3878 pro
1778 3789 1875 3858 aolita
1895 3791 2083 3876 oscitantia,

463 3897 604 3962 maxime
626 3897 704 3985 quia
727 3895 927 3982 sequebatur
948 3894 1104 3960 continue
1125 3892 1245 3980 plebis,
1269 3893 1418 3958 fecerunt
1441 3902 1485 3956 tr.
1509 3891 1542 3956 Ιι.
1571 3915 1601 3956 e.
1616 3892 1783 3959 tribuni.“
1818 3893 1918 3960 Nunc
1932 3906 2082 3981 apparet,

462 4001 656 4066 oscitantiae
680 3998 730 4064 vel
754 3998 883 4087 potius,
909 4019 949 4062 ue
972 4009 1005 4062 et
1028 3997 1100 4085 ipse
1124 3998 1261 4063 barbaro
1282 3997 1443 4063 vocabulo
1471 4007 1563 4080 utar,
1593 3997 1764 4066 socordiae
1791 3999 2082 4086 reprehensionem

463 4127 528 4169 non
553 4104 586 4167 iu
608 4103 778 4168 librarium
802 4101 931 4183 cadere,
955 4098 1014 4164 soal
1037 4100 1071 4164 iu
1095 4101 1297 4188 Grpnacnrn,
1322 4101 1381 4190 qni
1404 4101 1563 4168 vocabalo
1584 4102 1690 4190 piebis
1713 4103 1747 4166 in
1769 4100 2080 4170 erroremiudnetua

464 4231 529 4272 uon
553 4206 649 4284 vidit,
674 4206 754 4294 quid
778 4206 811 4269 in
836 4204 950 4270 codiee
970 4201 1130 4292 scripturn
1154 4217 1256 4270 esset.
1302 4203 1376 4286 lloc
1398 4227 1477 4270 sane
1500 4204 1616 4270 urirora
1641 4203 1701 4270 sed
1723 4202 1908 4270 liebbernm
1932 4227 2081 4294 qnoque,

463 4333 563 4400 φιιιιιι
584 4308 707 4374 coelicis
732 4308 927 4396 scripturam
950 4332 967 4371 a
990 4307 1163 4396 liopitariu
1184 4320 1274 4372 recte
1296 4318 1459 4374 enotatam
1483 4306 1677 4388 invenisset,
1700 4306 1778 4373 buie
1800 4307 1875 4374 loco
1896 4309 2081 4376 annotatio·

461 4438 556 4480 neme
580 4423 788 4500 „praetores
811 4411 1006 4476 Perizonius
1029 4410 1059 4475 L
1083 4410 1257 4488 tr·ibnni,“
1287 4433 1347 4497 per
1370 4409 1628 4476 inexcusabilem
1651 4410 1801 4496 profecto
1825 4409 2082 4498 imprudentium

462 4516 656 4600 subiecisse,
681 4516 759 4582 satis
783 4514 893 4581 mirari
915 4538 980 4579 non
999 4538 1146 4604 possunt.
1194 4513 1313 4578 Veram
1329 4511 1501 4578 lectionem
1519 4513 1580 4578 iam
1597 4513 1844 4597 Lallemandns,
1861 4513 2078 4602 Doeriupins,

462 4626 521 4714 qui
541 4625 639 4690 buius
664 4621 902 4688 emendationis
923 4621 1052 4688 lurrdcru
1075 4619 1139 4686 sibi
1163 4617 1355 4701 vindicavit,
1379 4629 1411 4682 et
1433 4615 1616 4706 Rupertins
1646 4616 1881 4699 restituerunt,
1907 4638 1967 4679 nos
1991 4616 2079 4681 eodi-

461 4730 509 4798 cis
532 4727 757 4796 anctoritatem
780 4725 977 4792 addidimus.
1001 4725 1075 4792 ΒΟ.
1102 4727 1142 4790 B.
1166 4761 1207 4774 -
1231 4725 1270 4792 ld
1293 4725 1338 4792 ita
1362 4738 1398 4792 nt
1419 4749 1493 4792 csse
1516 4725 1653 4810 scirent]
1675 4725 1760 4792 Cod.
1784 4727 1820 4790 id
1840 4733 1877 4789 nt
1892 4727 1941 4788 ita
1955 4735 1993 4791 nt
2007 4749 2080 4794 esse

460 4835 595 4900 seirent.
641 4829 718 4898 Non
747 4831 907 4916 diffiteor,
935 4829 1103 4896 librarium
1134 4829 1167 4894 in
1197 4842 1370 4918 utrumque
1401 4843 1525 4920 partem
1556 4831 1707 4920 putuisse
1735 4850 1884 4918 peecare.
1931 4826 2080 4896 Praetnli
