4814 5970
1840 687 1914 762 107

296 847 430 936 praedia
453 845 640 927 habuerint,
664 845 711 911 ibi
736 845 839 912 inisse
861 867 999 926 erosos,
1018 845 1073 909 ubi
1098 843 1249 933 proximo
1272 845 1377 912 instro
1398 849 1489 914 censi
1512 851 1643 934 eradat,
1666 861 1699 914 et
1728 850 1792 916 boc
1814 853 1911 920 niodo

298 974 317 1016 e
339 949 490 1016 tribubus
513 946 647 1013 tubanis
670 960 854 1036 exeruptos.
875 985 918 998 -··
940 947 969 1013 ui
984 946 1073 1012 tribu
1097 968 1229 1010 morere
1250 950 1381 1034 posset]
1399 945 1569 1036 Bckkerus
1592 974 1633 1016 ex
1651 951 1913 1040 Drabeuborcbii

297 1052 525 1120 emendatione
546 1062 659 1140 posset
674 1061 769 1149 'rc'cte
800 1051 936 1114 mutarit
966 1052 999 1113 in
1020 1051 1146 1136 possit,
1180 1049 1215 1112 id
1241 1061 1292 1114 cst
1322 1053 1383 1118 etsi
1409 1055 1526 1139 possit.
1555 1089 1598 1102 -
1630 1054 1913 1144 asaperioribus]

296 1156 382 1222 Cod.
406 1155 453 1220 nd
472 1157 715 1242 superioribus,
738 1155 791 1218 cni
814 1151 856 1217 nb
879 1151 1109 1239 superioribus
1133 1153 1300 1220 substitui.
1323 1157 1366 1220 B.
1391 1193 1429 1206 -
1454 1169 1571 1222 scuutn
1595 1161 1694 1225 emoti
1718 1161 1809 1246 suut]
1826 1147 1910 1226 cin.

296 1261 432 1338 remoti,
465 1258 554 1344 quod
575 1257 609 1321 in
630 1257 731 1322 ultera
755 1254 843 1320 Livii
870 1253 1015 1318 editione
1038 1255 1189 1342 praetuli.
1244 1257 1328 1322 Nam
1357 1258 1496 1324 Tacitus
1519 1262 1634 1327 saltem
1662 1263 1784 1330 Annei.
1810 1262 1911 1346 ΧῙΙΙ,

297 1357 350 1424 11.
375 1359 544 1426 Plautium
566 1358 764 1425 Lateranum
784 1356 868 1422 dixit
889 1359 1008 1422 ordine
1028 1369 1204 1440 remotum,
1227 1359 1280 1422 eui
1308 1357 1453 1426 Orellius
1476 1363 1641 1428 demotum
1665 1364 1847 1432 substituit.
1871 1402 1911 1415 -

296 1465 385 1534 tribu
408 1467 540 1552 remoti]
560 1469 642 1532 Ant.
666 1466 845 1531 Perizonio
867 1464 1045 1530 obsecutus
1069 1463 1102 1530 in
1126 1465 1238 1529 cadem
1262 1463 1349 1528 Livii
1372 1463 1516 1530 editione
1538 1471 1636 1532 ennon·
1658 1468 1790 1558 scripsi,
1811 1494 1911 1558 quum

295 1571 408 1659 paullo
432 1584 506 1636 ante
525 1572 671 1656 legatum
699 1569 850 1635 omnibus
873 1571 1020 1663 qarirupue
1043 1581 1075 1633 et
1094 1571 1232 1658 tripiutn
1254 1565 1402 1632 tribubus
1424 1593 1587 1634 emovere.
1633 1569 1803 1636 Bebbcrus
1824 1583 1912 1637 utro·

297 1697 361 1760 qne
391 1674 466 1740 loco
496 1674 578 1736 sumi
604 1669 729 1754 edidit,
764 1671 853 1758 quod
884 1671 968 1736 lusud
1001 1669 1071 1736 scio
1102 1695 1141 1734 uu
1172 1671 1265 1735 alteri
1294 1682 1450 1760 praestet.
1497 1672 1545 1736 lta
1570 1673 1655 1736 emm
1678 1673 1789 1738 Latini
1811 1673 1911 1763 culpo

295 1777 489 1866 loquuntur.
520 1813 564 1826 -·
592 1774 669 1839 anui
693 1788 725 1840 ct
748 1775 927 1860 bimeusis]
959 1774 1043 1840 Cod.
1068 1777 1150 1840 erarii
1169 1787 1200 1839 et
1222 1775 1406 1860 bitricusus,
1427 1775 1539 1864 quod,
1570 1775 1674 1840 literis
1698 1779 1736 1840 V
1753 1788 1785 1840 et
1807 1778 1851 1859 Β,
1876 1791 1913 1842 nt

296 1880 388 1962 alibi,
412 1903 429 1942 a
452 1877 585 1944 librario
608 1877 815 1965 permutatis,
839 1899 897 1964 [nro
921 1901 958 1942 ur
977 1900 1125 1940 nrmasum
1148 1877 1218 1940 sive
1235 1879 1293 1941 VI
1311 1881 1473 1943 mensium
1495 1903 1568 1942 csse
1591 1879 1735 1968 positum
1761 1893 1910 1968 apparet.

295 1985 369 2052 ΒΟ.
391 1987 435 2051 Β.
481 1981 649 2048 Bebberus
673 1995 780 2048 tamen
800 2005 862 2046 sex
883 2004 1031 2047 meusnm
1053 1980 1197 2070 scripsit.
1222 1983 1299 2048 Vid.
1317 2006 1401 2070 quae
1423 1979 1464 2047 ad
1487 1980 1582 2065 ΧΗ,
1596 1981 1649 2049 25.
1673 1995 1706 2048 et
1727 1984 1840 2069 xnu,
1856 1983 1910 2052 ³6.

296 2087 461 2153 annotavi.
512 2087 746 2153 Lailemandus
776 2099 905 2170 autem,
932 2086 1011 2153 licet
1037 2085 1226 2152 Crericrins
1262 2087 1302 2150 ad
1332 2086 1503 2150 insolitum
1531 2085 1727 2150 vocabulum
1757 2089 1912 2154 bimensis

295 2203 384 2255 recte
408 2191 577 2256 offendens
601 2213 710 2257 reram
732 2189 930 2255 lectioucma
962 2193 1044 2254 uacari
1066 2199 1100 2253 et
1119 2211 1180 2252 sex
1199 2189 1381 2269 ruerrsium,
1404 2187 1592 2252 coniectura
1611 2187 1806 2274 reperisset,
1830 2191 1914 2254 omri

296 2307 329 2361 et
349 2298 515 2360 semestris
538 2292 664 2375 edidit,
696 2293 786 2382 qnod
816 2293 930 2358 nescio
954 2317 994 2356 an
1017 2287 1159 2392 trintina
1188 2289 1426 2354 consuetudine
1454 2290 1638 2356 abhorreat.
1668 2327 1711 2342 -
1739 2291 1851 2356 nedem
1875 2293 1911 2358 in

294 2413 406 2468 moute
425 2397 571 2480 Albano]
588 2396 671 2462 cot.
697 2401 743 2463 aut
762 2402 868 2463 emmo
890 2409 922 2464 et
943 2398 1082 2480 nibarao,
1103 2396 1226 2484 syllaba
1248 2402 1302 2461 mii
1325 2397 1357 2462 in
1380 2409 1525 2462 extremo
1548 2421 1643 2464 versu
1660 2399 1779 2487 posita.
1814 2400 1911 2484 Quae

297 2503 448 2593 quamvis
470 2512 624 2590 corrrrpta
647 2503 727 2584 sint,
754 2515 859 2568 tamen
884 2504 1037 2592 probant,
1054 2501 1131 2566 coll.
1153 2499 1266 2582 XLII,
1290 2502 1322 2564 7.
1344 2513 1475 2566 auctore
1498 2499 1768 2570 Drakenborcbio
1794 2503 1912 2570 eedem

295 2613 454 2677 Monetae
477 2613 513 2673 in
533 2619 641 2673 monite
660 2607 797 2672 Albano
822 2609 1030 2672 scribendum
1054 2629 1138 2674 csse.
1163 2606 1237 2671 Bc.
1261 2609 1305 2671 Β.
1338 2605 1455 2694 ἱνὶοΙοο
1478 2604 1587 2686 cuim,
1608 2606 1706 2671 verbe
1727 2610 1764 2672 in
1785 2619 1910 2695 monte,

296 2737 380 2804 qnae
402 2713 574 2799 Grynucas
597 2710 631 2774 iu
654 2709 809 2774 lacunosa
833 2710 958 2775 codicis
981 2709 1145 2795 scriptura
1167 2708 1331 2795 reperisse
1355 2707 1419 2770 sibi
1442 2705 1625 2790 ridebatur,
1647 2730 1665 2771 a
1688 2709 1820 2776 nomine
1835 2713 1911 2778 Mo·

294 2831 394 2885 netue
416 2839 490 2882 esse
514 2815 708 2898 intercepta.

382 2981 465 3070 Cap.
487 2975 586 3044 xvi.
612 2973 717 3040 douec
738 2976 778 3039 de
802 2976 963 3040 sententia
986 2975 1166 3064 legatorum
1190 2992 1223 3046 et
1246 3005 1303 3066 rcs¹
1320 2979 1407 3046 bello
1429 2983 1588 3065 turbatas,
1613 2995 1645 3047 ct
1666 2995 1785 3049 statum
1809 2985 1909 3051 aliurn

297 3089 367 3154 eins
395 3083 490 3170 crepui
521 3079 690 3144 fornicando
714 3078 993 3167 composuissent]
1015 3081 1099 3146 cot.
1123 3085 1216 3149 decet
1238 3087 1279 3150 de
1300 3087 1465 3150 sententia
1487 3085 1672 3174 depictorum
1693 3111 1747 3152 res
1772 3100 1806 3152 et
1824 3089 1908 3157 bello

296 3190 449 3258 urbatus
473 3195 506 3250 et
526 3195 651 3250 statum
675 3184 779 3246 uiium
801 3207 844 3246 en·
866 3207 969 3271 repno
1000 3182 1197 3271 fermundus
1221 3190 1480 3274 eorrpesuisseut.
1526 3187 1621 3272 Quae
1651 3191 1783 3279 quaidem
1815 3217 1908 3260 verae

296 3300 478 3386 scripturae
504 3289 643 3378 vestigia
668 3288 709 3352 ita
734 3297 868 3352 secutus
892 3311 977 3368 stain,
1002 3297 1037 3352 ut
1060 3285 1148 3352 bunc
1171 3287 1294 3370 iocum,
1318 3289 1434 3354 roeuia
1457 3293 1491 3354 in
1520 3290 1655 3374 inserta,
1683 3292 1731 3358 sic
1760 3289 1908 3360 restitne-

295 3425 385 3472 rems
419 3401 522 3464 ‹lortee
550 3397 591 3460 de
616 3395 782 3460 sententia
811 3391 997 3481 depictorum
1026 3413 1082 3454 res
1113 3403 1144 3454 et
1172 3389 1257 3454 bello
1287 3391 1454 3473 turbatus,
1480 3403 1511 3456 et
1539 3395 1573 3456 in
1596 3407 1718 3462 statum
1741 3399 1844 3464 uiiann
1866 3423 1910 3466 ex

294 3529 398 3598 reparo
420 3499 619 3590 fermundus
641 3497 909 3582 earraposuisseut.
934 3493 1006 3558 BC.
1031 3495 1075 3558 Β.
1123 3491 1492 3578 Βουιηςοοίοη-ΰουεὶιιο
1523 3504 1628 3558 tamen
1659 3497 1848 3584 uulgatum:
1878 3515 1911 3568 et

294 3634 350 3678 res
372 3608 458 3672 betia
479 3601 644 3682 titubatus,
668 3621 837 3687 perperam
860 3596 1007 3661 retinuit.
1053 3593 1206 3659 Ceterum
1230 3593 1272 3659 cf.
1298 3616 1383 3682 qnae
1405 3595 1488 3659 inira
1513 3619 1584 3682 cap.
1603 3595 1655 3660 26.
1674 3599 1771 3663 0129.
1793 3601 1909 3688 legun·

298 3726 363 3780 tur.
388 3745 429 3760 -
451 3731 525 3772 cum
548 3704 636 3769 binis
659 3700 848 3790 legionibus
870 3698 1031 3784 peditum,
1056 3711 1088 3764 et
1114 3699 1259 3786 equitum
1285 3697 1592 3790 quadringentcuis]
1617 3701 1700 3766 Cod.
1726 3725 1799 3768 enm
1822 3709 1908 3773 birris

294 3817 445 3906 peditum
467 3823 502 3875 et
521 3811 670 3904 equitum
692 3805 1025 3902 quuaeiriupentorum.
1066 3799 1163 3866 ›llace
1187 3801 1492 3869 Drakenborebium
1509 3817 1642 3870 secutus
1658 3804 1701 3870 ita
1718 3809 1906 3896 composuia

298 3946 372 3995 cum
395 3919 479 3986 binis
505 3910 689 4006 legionibus
711 3911 849 4004 quinum
873 3907 999 3971 nriiirnu
1018 3905 1178 3994 peditum,
1203 3917 1235 3969 et
1256 3909 1403 3996 equitum
1426 3910 1742 4001 quactrtnpeuomm.
1766 3913 1840 3978 BC.
1861 3917 1905 3980 B.

296 4057 339 4076 —-
360 4019 409 4086 M.
433 4015 576 4085 lucentii
596 4012 760 4096 Thalnae]
785 4009 868 4076 Cod.
891 4009 1018 4075 intercuti
1041 4007 1166 4090 tutatur,
1190 4009 1311 4072 omissa
1341 4010 1561 4096 praenominis
1591 4024 1680 4094 notu,
1705 4037 1789 4100 qnae
1816 4039 1909 4102 prue-

298 4123 427 4193 eedenti
440 4117 600 4186 vocabulo
614 4113 747 4182 urbano
762 4114 795 4179 in
809 4111 975 4179 urbanum
998 4123 1121 4176 mutato
1141 4111 1299 4178 adhaesit.
1320 4112 1420 4177 Frob.
1440 4111 1468 4176 1.
1487 4125 1520 4177 et
1535 4113 1567 4176 2.
1592 4117 1642 4180 M.
1666 4116 1815 4183 Iuventii
1834 4121 1907 4186 Tut-

296 4253 375 4312 nue,
398 4223 451 4289 eui
479 4221 637 4308 Sigonius
668 4217 740 4287 Μ’.
764 4219 912 4284 queaatii
939 4217 1094 4302 ΤΙιοΙηοοΙ
1116 4229 1204 4282 reete
1233 4215 1415 4280 substituit.
1446 4218 1489 4280 Β.
1544 4215 1846 4308 Drakenborebius,
1872 4226 1905 4290 id

297 4331 388 4424 quod
412 4323 799 4414 Baumgarten-Crusium
822 4323 1002 4410 praeteriit,
1026 4323 1111 4386 idern
1133 4321 1339 4409 repositurus
1362 4329 1442 4400 crat,
1465 4310 1636 4406 si,ope'rue
1657 4325 1902 4410 paruissent.—

297 4441 434 4506 deorum
464 4430 653 4514 Penatium]
678 4427 762 4494 Cod.
789 4429 869 4491 deris
890 4429 1074 4514 percutiunt,
1094 4425 1184 4512 ‹1110d
1208 4435 1294 4488 certa
1318 4421 1543 4485 emendatione
1567 4423 1600 4490 iu
1617 4425 1713 4491 deum
1728 4431 1907 4500 Penatium

297 4543 431 4614 mutavi.
456 4535 530 4605 BC.
554 4537 596 4601 Β.
651 4535 701 4600 De
732 4535 791 4599 bue
821 4535 901 4597 aede
930 4534 1025 4599 dctrru
1059 4528 1232 4596 Penatium
1260 4525 1293 4589 in
1318 4523 1426 4606 Velia,
1455 4549 1538 4614 qune
1563 4525 1694 4595 Nerone
1726 4531 1906 4622 imperante

299 4642 502 4736 deflagravit,
526 4639 593 4705 vid.
620 4637 756 4702 Beckeri
781 4637 974 4702 Ilnudbucb
1005 4637 1066 4702 der
1089 4629 1286 4700 iidruiscben
1309 4629 1556 4712 Altertbiimer,
1582 4631 1671 4699 Part.
1706 4635 1733 4700 Ι.
1766 4661 1799 4726 p.
1829 4641 1904 4706 247.

296 4779 349 4844 ,sp
373 4765 406 4817 et
430 4772 513 4840 quae
536 4745 682 4812 Opellius
704 4741 743 4806 rui
766 4739 876 4806 Tacit.
902 4741 1024 4806 Anasi.
1045 4739 1125 4822 XV,
1144 4735 1197 4798 11.
1222 4733 1400 4798 annotarit.
1419 4771 1454 4786 -··
1475 4735 1618 4822 pluerat]
1642 4739 1716 4806 Hoc
1737 4743 1770 4809 in
1793 4747 1907 4813 codice

1640 4860 1693 4924 tt·
