4770 5994
449 623 498 699 52

448 785 514 852 Irus
545 785 627 873 quid
656 785 720 850 sibi
750 783 854 852 veiint
883 783 1001 848 verbu
1031 786 1156 870 partein
1181 794 1372 863 correctus,
1402 805 1468 848 noo
1492 780 1647 870 dispicio.
1693 781 1781 848 Nem
1807 794 1987 870 corrrcptus
2009 805 2071 870 pro

451 897 622 954 correctus
643 884 854 950 scribendum
878 886 942 964 sit,
975 886 1046 973 ipsc
1069 885 1201 950 viderit.
1227 921 1264 935 -
1293 887 1511 954 contulerunt.
1558 886 1608 952 Ex
1631 887 1842 953 contentione
1871 899 1979 952 ortum
2004 911 2072 952 cer·

450 990 574 1072 temen]
598 988 674 1054 Non
699 991 853 1072 maxime,
877 990 936 1054 scd
960 989 1065 1056 medio
1089 989 1302 1054 distinetione
1325 990 1425 1054 verbo
1449 989 1662 1056 contuderunt
1685 987 1940 1069 conscensum
1966 986 2072 1052 LeIIe-

388 1173 394 1176 ,
452 1093 571 1158 ruendo
594 1091 737 1180 scripsit
773 1116 910 1158 causans
932 1116 1007 1158 cum
1029 1095 1155 1156 Perseo
1177 1094 1346 1158 societatis
1371 1095 1405 1158 irc
1427 1094 1609 1158 Ismeniam
1632 1093 1865 1158 cantolu-ant.-
1896 1115 1948 1156 ex
1975 1115 2072 1157 cou-

453 1197 644 1260 tentione
668 1205 804 1260 ortum
825 1206 1059 1276 certamen,
1084 1219 1182 1282 quum
1206 1193 1406 1278 Crevierius,
1430 1196 1484 1260 cui
1506 1208 1582 1284 post
1602 1217 1737 1259 causum
1754 1193 1949 1260 vocobulum
1969 1196 2073 1258 initae

452 1300 619 1364 edicetnro
649 1300 741 1364 Iocus
766 1297 839 1368 Liv.
862 1299 996 1381 XXIV,
1021 1298 1052 1361 t».
1083 1300 1174 1382 quod
1194 1323 1297 1364 ursum
1320 1299 1491 1365 uinculum
1515 1309 1588 1364 cum
1611 1301 1772 1364 Romanis
1794 1299 1960 1362 societatis
1984 1306 2071 1379 erut,

451 1403 511 1467 ubi
533 1403 615 1466 nihii
637 1401 855 1480 desideravit,
881 1414 993 1490 operte
1017 1401 1213 1488 refragatur,
1237 1413 1401 1489 postrema
1426 1425 1491 1469 non
1514 1401 1615 1484 Livii,
1635 1401 1694 1466 sed
1717 1399 1951 1466 Thebanorum
1975 1397 2073 1464 verbs

453 1530 527 1574 esse
551 1506 787 1596 perspexisset.
811 1505 884 1574 BC.
910 1509 953 1572 Β.
1001 1503 1298 1570 Weissenbornius
1320 1505 1429 1572 Lectt.
1455 1505 1527 1572 Liv.
1550 1503 1642 1570 Part.
1667 1506 1693 1569 I.
1724 1529 1758 1594 p.
1781 1488 1833 1568 13.
1863 1504 2075 1570 coortulerunt

453 1622 488 1676 et
510 1635 553 1675 ex
575 1614 782 1676 contentione
805 1621 914 1674 ortum
936 1619 1124 1689 certamen,
1155 1605 1299 1670 scribere
1328 1607 1455 1672 nreIuit.
1502 1607 1570 1672 Sed
1594 1605 1754 1672 Crevicrii
1774 1606 1969 1672 sententium
1993 1603 2073 1670 setis

453 1739 620 1804 superque
651 1715 864 1798 confirment,
888 1737 972 1804 qrree
997 1713 1111 1780 Livius
1135 1736 1207 1799 cop.
1229 1709 1283 1776 60.
1315 1711 1467 1798 scripsits
1498 1711 1604 1776 Elin
1626 1711 1763 1776 consilio
1787 1713 1881 1799 opud
1903 1711 2073 1776 eoresulem
2133 1699 2136 1706 ’

450 1843 513 1908 pro
536 1821 723 1911 sceptrisque
743 1821 778 1883 iu
790 1818 931 1884 Aetolos
947 1817 1165 1905 conserebant
1185 1841 1340 1882 consume
1364 1815 1410 1879 ab
1435 1819 1489 1881 iis
1509 1815 1638 1907 supue
1663 1819 1940 1910 terrorisque
1957 1819 2074 1904 priu-

453 1924 613 2008 cipium
636 1933 793 2006 ortum3
816 1935 987 1988 secutos
1008 1946 1210 2010 pavorem
1231 1919 1489 1986 Aetolorum
1516 1932 1556 1986 et
1580 1931 1749 1986 ceteros
1777 1922 1913 1985 socios
1938 1917 2074 1986 Grue-

454 2047 597 2090 corum
617 2027 885 2112 populorum.

540 2175 625 2264 Cep.
647 2175 776 2243 XLIV.
808 2201 869 2242 suo
899 2176 1023 2266 quique
1050 2178 1187 2267 proprio
1220 2181 1351 2248 decreto
1385 2182 1501 2248 Persei
1532 2181 1721 2248 societatem
1750 2179 1955 2270 adspernati]
1987 2177 2072 2244 cot.

454 2301 514 2346 suo
545 2303 677 2372 quoque
702 2283 838 2369 proprjio
867 2285 1040 2369 proprioru
1064 2287 1255 2350 societatem
1284 2299 1479 2375 asperitato.
1531 2287 1713 2376 Propterea
1743 2287 1884 2376 primum
1911 2284 1945 2350 io
1972 2284 2074 2348 ultera

454 2379 545 2446 Livii
568 2381 712 2447 editione
734 2383 892 2480 rolpoto,
905 2382 995 2471 qnod
1018 2384 1098 2448 ferri
1120 2388 1247 2474 nequit,
1267 2389 1347 2456 hoec
1369 2391 1546 2455 substituis
1570 2413 1631 2455 suo
1646 2393 1771 2485 quique
1785 2389 1919 2478 proprio
1941 2389 2072 2454 decreto

455 2483 586 2570 replum
605 2485 795 2549 societatem
817 2487 991 2571 aspernanti
998 2511 1009 2570 3
1032 2485 1166 2570 deinde,
1190 2512 1290 2576 anrm
1311 2496 1463 2582 proprio,
1487 2491 1679 2558 vertisses
1702 2495 1826 2588 quique
1847 2493 1980 2556 decreto
2004 2489 2075 2553 ion·

456 2594 559 2666 ctum,
581 2586 678 2673 plone
699 2588 883 2654 redundare
906 2589 1083 2675 videretur,
1108 2617 1148 2658 cx
1167 2592 1276 2676 serbis
1298 2594 1444 2686 euplii.
1468 2595 1590 2689 quibus
1613 2595 1747 2683 populis
1773 2593 1911 2684 proprie
1938 2594 2075 2656 societa-

457 2697 522 2753 tem
544 2713 619 2756 cum
641 2716 720 2778 repe
743 2696 838 2782 iurcpr'
858 2695 1092 2784 displicuisset,
1115 2695 1254 2780 leniore,
1278 2709 1314 2764 ut
1334 2697 1518 2775 videbatur,
1542 2696 1669 2762 medela
1690 2695 1850 2780 adhibite,
1868 2717 1927 2761 suo
1951 2696 2074 2790 quique

456 2792 588 2860 decreto
607 2799 778 2882 proprium
798 2801 991 2864 societatem
1013 2806 1198 2884 aspernati,
1223 2802 1433 2868 scribendum
1454 2825 1541 2883 esse,
1566 2801 1600 2866 in
1627 2801 1741 2866 Melet.
1762 2800 1836 2869 crit.
1859 2797 1961 2887 Spec.
1984 2797 2013 2864 I.
2039 2821 2073 2886 p.

454 2893 510 2962 26.
534 2897 723 2984 suspicatus
748 2922 833 2962 sum.
859 2898 980 2964 Contra
1002 2899 1315 2986 Weissenbornins,
1340 2905 1434 2970 cuius
1455 2905 1553 2971 verbo
1582 2903 1617 2969 io
1647 2906 1822 2969 Annotott.
1851 2897 1892 2964 od
1922 2899 2075 2966 Sallustii

455 2995 548 3064 ttist.
575 2995 648 3068 Iailr.
671 2997 735 3064 111.
759 2997 956 3086 Fragments
977 3026 1010 3090 p.
1031 3001 1085 3068 68.
1109 3027 1160 3092 sq.
1186 3003 1362 3093 adscripsi,
1386 3007 1469 3072 iIIud
1492 3009 1619 3098 potius,
1643 3031 1742 3096 quoru
1763 3007 1825 3070 hoc
1846 3001 2075 3094 recipiendum

457 3121 546 3184 esse,
567 3099 678 3167 Lectt.
700 3101 776 3168 Liv.
802 3103 893 3169 Port.
918 3103 946 3168 I.
970 3127 1004 3192 p.
1031 3103 1083 3170 13.
1109 3106 1226 3172 docere
1249 3106 1403 3176 instituit.
1430 3146 1469 3158 -
1493 3107 1615 3196 obluit]
1638 3110 1723 3174 cot.
1747 3107 1848 3196 osuit,
1879 3107 1969 3196 quod
1991 3107 2075 3173 ttet-

454 3201 557 3268 torus
580 3203 631 3269 iIIi
654 3205 818 3291 praetulit.
841 3243 881 3256 -
911 3206 945 3272 io
967 3230 1086 3296 noegeo
1109 3209 1251 3276 tumultu
1275 3213 1389 3301 erunt]
1412 3215 1495 3284 cot.
1520 3218 1554 3282 iu
1576 3239 1695 3306 mnprro
1718 3226 1753 3281 tu
1776 3225 1885 3280 eraut.
1931 3212 1998 3280 Pro
2020 3235 2074 3298 co,

458 3306 548 3395 quod
572 3306 757 3395 Gryoocus,
777 3308 856 3374 lieet
878 3309 994 3377 Livius
1017 3310 1155 3396 XXXI,
1180 3313 1230 3379 10.
1254 3327 1287 3379 et
1306 3313 1459 3400 XXXII,
1482 3317 1537 3382 21.
1561 3317 1607 3383 its
1628 3319 1797 3408 quuatur,
1820 3341 1936 3407 per-unt
1958 3316 2075 3408 probe·

457 3405 571 3472 IriIiter
591 3431 631 3474 cx
652 3423 803 3499 corrupto
826 3410 952 3480 codicis
974 3413 1136 3503 scripture
1158 3416 1352 3505 exsculpsit,
1376 3419 1490 3488 nescio
1506 3444 1546 3485 sn
1560 3421 1682 3486 rectius
1698 3419 1869 3512 scripseris
1882 3449 1891 3485 ι
1905 3422 1939 3485 iu
1953 3441 2074 3509 unoquo

458 3526 679 3600 protuerunt,
702 3542 801 3608 quoru
824 3519 947 3606 spIIsbe
968 3546 1020 3586 mo
1044 3547 1060 3588 o
1083 3523 1292 3610 praecedenti
1314 3549 1355 3588 uo
1380 3521 1477 3588 facile
1498 3523 1645 3611 potuerit
1665 3520 1847 3609 obsorbcri,
1870 3537 1969 3614 etque
1994 3521 2076 3590 hoec

459 3617 501 3686 ed
525 3622 623 3687 verbe
647 3647 720 3712 esp.
745 3621 798 3688 13.
823 3623 880 3689 Ilu'
902 3627 969 3688 ianr
989 3633 1097 3691 motus
1118 3637 1276 3716 coeperat
1296 3651 1378 3710 esse,
1402 3640 1466 3692 etc.
1490 3626 1558 3693 sint
1579 3627 1762 3698 referenda.
1790 3664 1832 3677 -
1862 3621 2075 3715 convenerat]

459 3719 599 3808 Addita,
622 3748 705 3813 quse
729 3723 933 3791 desideretur
954 3735 986 3792 ct
1004 3723 1098 3791 focile
1121 3727 1301 3811 intercidit,
1322 3729 1455 3813 vocula,
1477 3753 1514 3794 eo
1538 3743 1739 3796 convenerat
1760 3731 1986 3820 reponendum
2002 3753 2077 3795 esse

460 3825 625 3914 suspicor.
647 3827 835 3893 Gronovius
858 3826 946 3892 idem
969 3827 1143 3894 intendens
1166 3839 1201 3896 et
1220 3829 1339 3913 trudo,
1364 3832 1452 3918 quod
1474 3831 1660 3921 praecedit,
1683 3831 1771 3899 iusto
1792 3833 1948 3899 audacius
1979 3834 2014 3898 in
2036 3855 2075 3898 eo

460 3937 494 3994 et
516 3930 614 3994 trsrlro
636 3941 822 3994 mutaturus
845 3939 922 3993 eret.
944 3965 985 3978 —
1007 3940 1041 3994 et
1062 3929 1114 3995 Iris
1137 3932 1314 4018 seperatim
1341 3933 1500 4021 singulis]
1533 3933 1638 4004 Recte
1668 3935 1856 4004 Gronovius
1886 3947 1918 4002 et
1943 3933 2013 4016 Iris,
2045 3948 2078 4003 et

459 4037 643 4119 separatim
661 4033 823 4125 siupulis,
848 4032 938 4121 qnod
969 4032 1032 4098 ism
1062 4030 1296 4101 Lellemsndns
1325 4045 1359 4101 et
1387 4035 1593 4126 Docriopius
1621 4051 1838 4129 receperunt,
1865 4033 2076 4107 scribentum

460 4161 535 4205 esse
557 4140 698 4206 censuit.
720 4139 796 4208 BC.
819 4141 863 4207 Β.

546 4313 631 4404 Cep.
654 4311 765 4378 XLV.
802 4312 837 4376 in
867 4311 982 4378 Asines
1011 4313 1136 4379 circum
1163 4310 1311 4394 insulas]
1341 4309 1484 4398 Polybio
1515 4321 1650 4376 sectore
1677 4309 1721 4376 de
1750 4308 2014 4378 Drakenborctii
2043 4321 2077 4376 et

461 4413 775 4485 veredunensis
798 4419 834 4482 ἐκ
851 4417 973 4483 Asson
994 4427 1029 4482 et
1048 4419 1174 4483 curum
1195 4417 1322 4482 insutu
1344 4413 1445 4481 edidi.
1462 4415 1538 4481 BG.
1554 4415 1599 4482 B.
1629 4413 1688 4480 stc
1703 4413 1801 4479 etiem
1815 4413 2075 4504 inprompto.

459 4531 500 4590 ott
525 4525 562 4589 iu
580 4521 669 4589 Asia
691 4543 824 4614 quoque
849 4533 884 4588 et
907 4521 1028 4587 insulis
1056 4519 1237 4608 exploratu
1264 4521 1376 4586 omnin
1404 4528 1526 4585 esseut.
1554 4555 1602 4570 --
1645 4518 1688 4585 P.
1718 4519 1937 4604 Postumius]
1969 4519 2076 4588 Recte

459 4623 773 4692 notescerent-ss
799 4669 823 4709 „
833 4623 987 4706 Videtur,
1010 4621 1133 4711 inquit,
1156 4621 1335 4709 tegendum
1358 4621 1424 4711 Sp.
1440 4623 1648 4708 Pirustas,
1672 4634 1711 4690 ut
1732 4623 1826 4714 prior
1846 4624 1984 4688 duorum
2003 4620 2077 4689 tiu·

459 4753 591 4814 nrum,
615 4728 738 4818 quibos
761 4727 797 4792 id
819 4747 1018 4818 praenomen
1048 4723 1160 4790 ueteri
1187 4723 1295 4808 solet,
1322 4720 1506 4814 intercepte
1534 4723 1581 4794 sit
1611 4723 1653 4790 eir
1679 4725 1795 4793 nititur
1824 4725 1918 4794 vocis
1944 4747 2077 4816 prem
2105 4793 2110 4804 ,
