4814 5970
499 717 553 795 82

588 879 672 970 Ca'p.
696 871 798 946 Χ111.
821 903 861 944 ca
884 881 1082 971 necopinato
1104 885 1248 973 parare]
1277 883 1364 950 Cnd.
1388 885 1583 972 necopinato
1608 905 1760 969 pauore,
1790 879 1913 948 omiaao
1944 903 2006 966 ee,
2033 879 2124 971 qood

503 984 675 1071 Grynaena
695 993 785 1049 recte
807 982 947 1050 addidit.
992 983 1058 1052 iiie
1080 987 1168 1054 eaiaa
1190 989 1324 1070 deiende,
1346 997 1384 1054 nt
1397 1006 1498 1074 aupra
1512 1007 1589 1076 cap.
1605 983 1655 1050 10.
1679 985 1826 1064 taudem,
1842 981 2124 1072 praepositionem

504 1087 759 1156 eamamatm
779 1107 847 1152 noa
870 1087 1081 1156 crediderim.
1111 1127 1153 1140 -
1184 1091 1411 1168 confiderunt]
1437 1091 1513 1158 lioe
1535 1090 1570 1156 in
1602 1087 1742 1156 Liviana
1772 1089 1921 1156 oratione
1948 1088 2028 1156 ferri
2056 1111 2122 1155 non

503 1193 605 1282 poree
623 1202 774 1280 apparet.
820 1190 913 1276 Quid
934 1191 1050 1279 igitar,
1074 1191 1103 1256 ai
1124 1191 1297 1280 caafidmt
1318 1195 1509 1263 acribater'i
1549 1193 1672 1260 Paoiio
1694 1203 1770 1259 ante
1790 1213 1851 1280 pro
1871 1213 1934 1258 aee
1956 1200 2026 1258 tum
2039 1213 2124 1256 moe·

503 1297 563 1362 nia
583 1296 701 1378 modo,
723 1294 814 1384 qnod
836 1293 1008 1383 Grynaeus
1031 1293 1155 1378 edidit,
1177 1309 1307 1365 noctm
1330 1303 1432 1367 uenia
1454 1297 1550 1364 mocio
1572 1295 1606 1362 in
1627 1295 1742 1367 codiee
1765 1294 1898 1382 iegitur.
1927 1331 1972 1344 --
2000 1293 2123 1358 Oreum

505 1395 684 1484 Bneotiae]
714 1397 800 1464 eod.
830 1421 945 1464 areum
974 1398 1120 1482 boetine,
1151 1397 1305 1488 idemque
1333 1401 1368 1468 in
1398 1398 1500 1468 Frob.
1533 1399 1564 1464 1.
1585 1411 1619 1467 et
1639 1397 1672 1464 2.
1701 1399 1835 1487 iegitur.
1880 1397 1933 1464 Ex
1962 1394 2125 1464 Gronoaii

507 1499 750 1582 emendatione,
774 1499 870 1566 etiam
892 1499 1029 1566 Dobero
1053 1502 1203 1591 probata,
1223 1505 1351 1569 Oreum
1368 1504 1532 1570 Euboeae
1546 1501 1681 1589 scripsi.
1702 1499 1777 1568 BC.
1794 1503 1838 1568 B.
1864 1499 2005 1585 „Facile
2022 1497 2123 1583 eaba,

506 1611 544 1666 nt
563 1599 610 1666 ait
629 1601 932 1686 Drakenborcbiuc‚
955 1627 997 1670 ex
1021 1606 1117 1672 Oresa
1137 1605 1301 1672 Euboeae
1321 1605 1393 1671 iicri
1415 1605 1526 1695 potuit
1549 1605 1644 1674 Oreu
1663 1605 1846 1672 noemam

591 1754 672 1843 Cap.
697 1753 796 1820 xlv.
821 1753 1009 1844 Pamptqtt]
1033 1754 1117 1822 Cod.
1140 1759 1309 1847 pampyb',
1333 1757 1443 1846 quod,
1465 1767 1502 1822 ut
1520 1756 1638 1824 Livius
1660 1757 1726 1826 eibi
1746 1768 1931 1839 constaret,
1964 1757 1998 1824 in
2021 1759 2124 1824 Pam·

504 1857 611 1947 pbyiii
631 1857 765 1925 mutari.
788 1858 864 1926 130.
912 1858 960 1926 ita
981 1860 1136 1927 librariae
1158 1862 1345 1928 sexcenties
1369 1862 1532 1950 peccavit.
1561 1899 1604 1914 -
1633 1883 1734 1950 pocae
1760 1859 1829 1946 uti]
1861 1859 1945 1926 Cod.
1974 1869 2122 1948 poaaeut.

508 1961 697 2030 (irouoriua
720 1960 826 2028 enauit
847 1966 899 2029 uti
917 1976 1095 2051 ponerent,
1119 1966 1210 2054 qood
1232 1965 1277 2033 ita
1297 1967 1421 2055 recepi,
1438 1979 1476 2031 ut
1497 1965 1693 2033 vocabulum
1715 1968 1767 2033 uti
1786 1963 2122 2033 omitterem.BG.B.

506 2065 679 2135 Librarius
704 2067 746 2132 ad
761 2066 880 2132 verbu
903 2071 936 2134 ai
951 2081 1087 2157 poseant
1107 2073 1265 2139 inducere
1287 2073 1321 2137 ia
1342 2073 1504 2153 αιιὶιιιιιιιι,
1527 2092 1611 2159 qaae
1633 2067 1855 2156 praecedunt,
1878 2065 2056 2134 recurriaae
2079 2065 2124 2132 vi·

508 2169 616 2236 detur.
646 2207 688 2222 -
719 2171 981 2239 commemoratia
1011 2195 1089 2260 erga
1112 2173 1272 2262 populum
1296 2174 1482 2241 Romnum
1506 2173 1695 2259 beneficiio]
1719 2169 1892 2260 Grpuaeua
1916 2171 2043 2238 eddidit
2070 2193 2124 2238 ro·

507 2273 659 2340 eubolum
684 2272 870 2362 beneficiio,
901 2275 1148 2364 quodpropter
1175 2279 1368 2366 sequentia·
1402 2289 1563 2366 etpaeue
1584 2279 1764 2354 uictoriae,
1786 2299 1871 2365 quae
1896 2286 1929 2342 et
1956 2275 2123 2342 literarum

507 2381 541 2441 e't
563 2397 719 2442 eonornm
746 2373 962 2444 aimiiitudioe
985 2379 1027 2446 ad
1054 2379 1138 2446 iliad
1164 2382 1314 2468 proxime
1341 2381 1524 2463 accedunt,
1548 2404 1566 2444 a
1588 2379 1722 2446 librario
1744 2380 1842 2446 facile
1865 2381 1974 2469 potnit
2003 2379 2122 2446 omitti.

507 2475 810 2546 Weissenborniua
837 2492 949 2546 eontra
972 2481 1081 2548 Lectt.
1113 2481 1186 2550 Liv.
1219 2482 1312 2549 Part.
1336 2483 1366 2550 1.
1390 2507 1425 2573 p.
1452 2483 1502 2548 18.
1533 2495 1610 2571 poat
1632 2485 1896 2550 commemoratia
1927 2483 2123 2552 voeaboiont

507 2583 637 2648 meritis
666 2580 831 2648 excidieae
863 2585 1052 2673 coapicatua
1082 2597 1145 2653 eet.
1189 2588 1305 2675 Atque
1334 2585 1385 2652 aie
1415 2585 1480 2672 ipsi
1510 2583 1634 2650 Rhodii
1656 2583 1771 2670 xutt,
1790 2585 1844 2652 ⁴6.
1867 2593 2125 2651 commemorent

507 2693 651 2751 veterem
674 2707 748 2750 eum
772 2683 931 2751 Romania
952 2685 1146 2770 amicitiam,
1176 2688 1290 2754 matie
1320 2691 1518 2785 mapaiaque
1546 2691 1675 2756 meritia
1693 2713 1778 2777 paee
1805 2687 1955 2786 belloque
1975 2699 2122 2778 portarat.

507 2785 577 2855 iiea
608 2786 746 2876 igitur'
736 2810 769 2855 ιιι
800 2787 910 2854 medio
941 2789 1005 2855 erit
1025 2788 1255 2877 relinquenda.
1287 2787 1369 2856 Vid.
1393 2791 1567 2862 Annotatt.
1598 2793 1638 2861 ad
1665 2791 1819 2860 Saliustii
1839 2789 1931 2860 iiie't.
1952 2789 2032 2858 Lib.
2056 2790 2121 2858 111.

506 2891 763 2982 Fragmentap.
787 2889 900 2956 32-
856 2892 1004 2957 -mari
1025 2892 1251 2958 intercioeo'
1209 2894 1353 2982 ,anapia
1376 2893 1517 2960 insulam
1541 2896 1659 2984 premi,
1683 2895 1816 2964 amiaeia
1834 2893 2004 2962 maritimis
2024 2893 2124 2964 vecti·

508 2995 637 3086 galibna
670 3005 769 3084 atque
799 2995 1059 3078 commeatibus]
1091 2995 1176 3062 Cod.
1196 3001 1296 3066 mari
1323 3001 1457 3064 interim
1485 2999 1656 3066 inciaco·
1643 3002 1788 3087 turpiam
1818 3000 2006 3066 amatam·
1992 2990 2124 3089 inopem

507 3103 801 3196 miae....ritq‘mia
820 3103 963 3167 ium...
988 3101 1119 3172 oaleadi
1141 3107 1255 3198 itaque
1288 3099 1535 3171 commeatibus.
1590 3101 1775 3190 Depravata
1805 3101 1947 3190 corrigat
1975 3113 2009 3168 et
2037 3104 2124 3170 iaca-

507 3229 589 3274 noea
612 3204 757 3296 expleat,
780 3205 833 3269 eui
855 3203 984 3272 libitum
1007 3216 1070 3272 eat.
1116 3205 1415 3276 Weissenborniua
1441 3203 1549 3270 Lectt.
1575 3203 1649 3268 Lir.
1673 3203 1765 3268 Part.
1790 3203 1820 3268 l.
1843 3224 1878 3290 p.
1902 3201 1957 3268 28.
1981 3216 2052 3269 not.
2069 3202 2121 3269 13.

507 3308 619 3432 priora
639 3306 716 3371 ooli.
737 3304 813 3372 Lia.
836 3303 949 3387 XLV,
971 3307 1027 3373 25.
1053 3319 1086 3373 et
1108 3307 1181 3375 Cic.
1206 3307 1273 3374 Off.
1297 3307 1363 3389 lii,
1390 3309 1441 3374 12.
1463 3307 1508 3373 ita
1532 3306 1703 3372 emendata
1726 3308 1815 3372 mari
1834 3307 1920 3372 euim
1940 3307 2121 3376 interulam

508 3411 657 3498 inopiam
677 3411 753 3496 pati
768 3409 914 3475 iaculum
931 3411 1097 3495 sterilem,
1121 3409 1162 3475 de
1183 3411 1302 3477 eeterie
1325 3420 1359 3475 et
1381 3410 1454 3499 ipsa
1477 3410 1641 3499 desperat.
1675 3407 1783 3476 Noe'
1768 3411 1916 3498 europiam
1932 3407 2120 3494 delendum,

508 3513 604 3584 eed'
591 3537 722 3600 inopem
744 3511 951 3580 retinendum
972 3535 1158 3580 conaemna.
1202 3511 1261 3610 Spe
1283 3511 1399 3579 Liviae
1419 3535 1520 3602 cupra
1542 3537 1615 3603 cap.
1640 3514 1710 3580 1.·
1695 3539 1810 3606 tapam
1831 3517 1926 3602 inope
1945 3527 1978 3582 et
1999 3515 2046 3600 V,
2065 3515 2119 3582 ⁴2.

507 3621 638 3707 inopem
657 3641 867 3712 parvumque
889 3618 1006 3684 collem
1029 3617 1305 3685 commemoravit.

593 3769 676 3859 Cap.
699 3767 780 3836 X'V.
811 3768 992 3856 literaeque
1024 3768 1189 3858 extempio
1219 3769 1260 3834 ad
1291 3781 1462 3858 utranaqnc
1485 3770 1650 3858 gentem'
1672 3769 1794 3836 scirent
1816 3769 1995 3841 iudicatum
2020 3770 2150 3856 mitti]-

508 3877 593 3947 cat.
613 3885 745 3968 pentem
765 3875 880 3954 aciret,
898 3871 988 3961 quod
1009 3873 1134 3961 recepi,
1155 3871 1286 3940 subiato
1307 3875 1443 3940 lacunae
1463 3872 1574 3961 aigun.
1598 3871 1672 3938 130.
1716 3871 1801 3938 Nam
1825 3873 1857 3940 iu
1879 3873 1953 3940 loco
1974 3875 2121 3942 nondum

507 3987 704 4072 perennata,
732 3998 795 4043 nec
824 3977 904 4042 eatis
931 3977 1114 4066 explicato,
1144 4003 1185 4046 ne
1213 3979 1378 4046 tantillum
1405 3976 1538 4066 quidem
1570 3999 1587 4040 a
1617 3974 1743 4042 codicia
1764 3978 1926 4065 scriptura
1950 3977 2122 4045 diecedere

505 4083 613 4150 eatioe
634 4080 741 4148 vianm
765 4091 827 4146 eat.
872 4078 1042 4146 Bebkerua
1060 4082 1230 4170 vulgatam
1254 4083 1402 4166 retinuit,
1425 4081 1547 4148 omissa
1570 4092 1675 4145 tamen
1698 4079 1835 4146 lacunae
1854 4091 1943 4144 nota.
1960 4118 2003 4130 -
2023 4080 2121 4148 Ιιιιίιιι

506 4182 899 4271 hallucinantem.
925 4185 954 4248 1.
978 4187 1050 4252 eiua
1070 4187 1166 4268 beili,
1197 4186 1286 4276 quod
1310 4182 1478 4248 Bcikerue
1506 4191 1595 4247 recte
1623 4179 1779 4245 restituit.
1831 4179 2121 4250 Drakenborcbiua

507 4308 642 4380 qnoque
664 4285 853 4373 ncipatum,
881 4287 970 4374 qnod
994 4284 1028 4350 in
1052 4285 1105 4353 ed.
1132 4284 1209 4350 Bas.
1235 4307 1264 4348 a.
1291 4286 1385 4350 1551.
1409 4285 1551 4375 primum
1579 4283 1783 4372 comparuit,
1808 4283 2011 4374 improbasse
2033 4287 2122 4354 vide·

505 4401 572 4458 tor.
595 4425 639 4439 ·-
659 4386 803 4472 nuncin]
826 4388 910 4454 Cod.
936 4401 971 4455 et
991 4389 1090 4454 Frob.
1117 4389 1145 4454 1.
1164 4392 1294 4455 auutia.
1341 4389 1391 4455 Ex
1414 4387 1584 4454 Periaouii
1607 4388 1816 4472 coniectura,
1840 4389 1936 4454 etiam
1959 4389 2121 4456 Riittoero

507 4491 696 4560 observati.
723 4489 800 4558 Lir.
826 4477 960 4581 psittt.
986 4504 1018 4558 et
1041 4493 1211 4575 iaoobsio,
1242 4513 1340 4580 quem
1370 4491 1405 4557 io
1434 4492 1499 4558 boc
1527 4491 1601 4556 ioco
1631 4491 1959 4580 reiingeudomeqae
1989 4513 2122 4580 quaque

507 4605 642 4664 aeeutna
664 4617 751 4678 aum,
775 4593 810 4661 in
825 4593 923 4660 Notia
947 4595 982 4661 in
1005 4594 1095 4661 Liuii
1115 4595 1192 4663 Lib.
1207 4593 1378 4662 xxxttt.
1403 4619 1439 4686 p.
1463 4595 1539 4664 393.
1563 4597 1713 4685 probata,
1736 4623 1826 4664 uuae
1848 4597 1981 4686 aeripai.
1991 4597 2119 4666 11011.

504 4695 658 4768 lacobaio
679 4718 769 4763 nunc
785 4699 819 4761 ι·ιι
843 4697 877 4763 ἰιι
898 4701 1022 4764 uuracio
1044 4699 1256 4790 depravatum
1274 4723 1348 4766 eaeo
1362 4699 1505 4768 videtur.
1550 4700 1689 4768 Rectina
1710 4697 2122 4770 tameniiraiteniaorebiut

505 4803 638 4872 nitimaa
658 4799 771 4869 literae
794 4799 868 4868 roci
894 4805 1015 4868 nuncio
1039 4823 1080 4868 ex
1103 4799 1341 4894 aequentibna,
1370 4803 1478 4900 iay-be
1505 4804 1576 4873 aire
1606 4808 1642 4873 ι·ιι
1665 4803 1767 4889 orbe,
1798 4803 1981 4872 accrevisse
2011 4804 2121 4874 exiati·
