4814 5970
1004 1375 1546 1463 APPmanclJmn.

548 1586 677 1670 Propter
699 1589 847 1652 raritatem
876 1588 969 1668 magis
998 1607 1084 1668 quam
1106 1592 1312 1680 praestantiam
1334 1592 1422 1656 libelli
1442 1593 1479 1658 ab
1501 1591 1652 1658 llarduino
1674 1595 1752 1670 editi,
1776 1615 1863 1676 quem
1882 1615 1973 1678 supra
1993 1615 2025 1677 p.
2047 1589 2077 1656 ³.

463 1699 526 1755 not.
548 1689 577 1754 1.
600 1691 904 1766 commemoravimus,
930 1689 965 1752 T.
988 1691 1061 1753 Livii
1075 1691 1270 1755 Historiarum
1285 1695 1350 1758 Lib.
1373 1696 1446 1760 XCI.
1463 1698 1671 1780 Fragmentum
1689 1719 1755 1762 cum
1769 1697 1909 1762 ilarduioi
1924 1699 2079 1768 editionem

462 1797 715 1878 llamburgensem
736 1796 856 1860 Parisiis
885 1817 912 1858 a.
942 1792 1035 1859 1773.
1065 1797 1218 1876 repetim
1237 1799 1327 1860 secuti
1349 1801 1558 1882 supplementis
1580 1802 1700 1864 minimo
1720 1804 1880 1883 probandis
1903 1813 1931 1866 et
1951 1803 2079 1867 eiusdem

462 1897 702 1983 interpretatione
723 1899 928 1980 francogallica
949 1898 1052 1961 ceteris
1073 1899 1213 1974 addenda,
1243 1917 1316 1980 quoe
1337 1903 1409 1968 Livii
1428 1891 1476 1968 ed.
1497 1905 1614 1968 Ernest.
1637 1905 1723 1970 Tem.
1748 1907 1797 1971 lll.
1826 1928 1858 1990 p.
1880 1901 2078 1971 ‘476-486,

461 2007 590 2072 inclusae
609 2017 685 2084 sunt,
705 2008 754 2070 bic
774 2006 917 2070 subiicere
933 2006 1051 2088 placuit,
1073 2015 1115 2084 ut,
1139 2013 1278 2088 quantum
1298 2009 1457 2072 Niebuhrio
1481 2010 1600 2091 aliisque
1620 2009 1786 2087 debeamus,
1809 2021 1973 2093 appareret.

663 2265 1015 2355 Fragmentum
1044 2281 1105 2333 ex
1132 2263 1238 2336 Lib.
1269 2265 1388 2341 XCI.
1417 2271 1751 2344 Historiarum
1775 2273 1880 2346 ‘rici
1937 2325 1940 2334 .

1083 2387 1195 2458 Livi
1216 2391 1463 2466 Patavini.

520 2577 524 2584 “
547 2570 638 2634 Nocte
665 2577 763 2632 umen
789 2564 960 2646 insequenti,
990 2565 1056 2646 ipso
1084 2567 1282 2648 pervigilante,
1304 2566 1335 2628 in
1356 2565 1460 2628 eodem
1481 2564 1548 2628 loco
1568 2567 1622 2630 alia
1644 2567 1766 2630 mcitata
1786 2569 1877 2631 turris
1898 2570 1995 2651 prima
2012 2570 2077 2634 luce

460 2676 603 2740 miraculo
624 2671 758 2737 hostibus
777 2669 848 2732 luit:
871 2668 958 2732 simul
985 2678 1014 2731 et
1035 2671 1135 2751 oppidi
1158 2671 1257 2745 turris,
1280 2689 1355 2750 quae
1372 2670 1530 2733 maximum
1546 2671 1799 2753 propugnaculum
1822 2673 1926 2748 luerat,
1946 2669 2077 2738 subrutis

461 2778 666 2851 fundamentis
690 2775 839 2840 dehiscere
860 2773 1024 2854 ingentibus
1045 2774 1128 2836 rimis
1153 2782 1181 2835 et
1203 2773 1372 2836 turbulento
1394 2774 1453 2855 igni
1476 2775 1588 2858 coepit:
1616 2776 1799 2856 incendiique
1820 2778 1907 2842 simul
1928 2753 1957 2840 et
1975 2779 2077 2844 ruinae

460 2898 542 2952 metu
567 2884 661 2948 territi
689 2871 913 2944 Contrebienses
940 2879 976 2941 de
1002 2897 1088 2942 muro
1109 2878 1216 2959 trepidi
1238 2881 1410 2960 effugerunt,
1436 2889 1474 2954 et,
1497 2890 1530 2945 ut
1550 2882 1637 2963 legati
1653 2882 1838 2946 mitterentur
1858 2885 1896 2991 ap
1916 2885 2077 2950 dedendam

460 2998 586 3070 noem..
598 2991 635 3056 ab
657 2990 792 3054 universa
812 2986 996 3050 multitudine
1016 2987 1226 3048 conclamatum
1249 2993 1303 3047 est.
1347 2983 1457 3046 Eadem
1471 2985 1572 3061 virtus,
1595 3005 1669 3066 quae
1682 2985 1833 3051 invitantes
1847 3001 2073 3072 oppugnaverat,

372 3127 378 3144 ¹
459 3101 601 3166 victorem
621 3093 839 3178 placabiliorem
861 3090 938 3152 lecit.
982 3088 1140 3154 Obsidibus
1161 3090 1297 3173 acceptis,
1319 3088 1459 3167 pecuniae
1480 3091 1624 3154 modicam
1644 3092 1739 3172 exegit
1758 3111 1914 3170 summam,
1936 3113 2077 3178 maraque

460 3202 560 3268 omnia
586 3197 702 3261 ademit.
752 3193 931 3302 transfugas
958 3189 1067 3252 hberos
1098 3191 1178 3252 vivos
1205 3192 1241 3253 ad
1269 3210 1301 3252 se
1330 3191 1432 3255 adduci
1462 3191 1555 3267 iussit,
1587 3202 1617 3255 et
1644 3195 1791 3276 fugitivos,
1825 3215 1952 3276 quorum
1980 3198 2077 3261 maior

459 3305 615 3372 multitudo
648 3309 719 3373 erat,
749 3296 821 3378 ipsis
849 3294 1003 3376 imperarit
1026 3301 1059 3356 ut
1077 3293 1280 3354 interficerent.
1323 3290 1472 3370 lugulatus
1494 3294 1530 3356 de
1551 3313 1637 3356 muro
1658 3295 1832 3364 deiecerunt.
1876 3295 1949 3359 Cum
1971 3317 2077 3380 magna

461 3415 572 3476 iactura
598 3406 721 3470 militum
750 3409 875 3482 quatum
905 3408 934 3460 et
960 3397 1149 3478 quadraginta
1171 3395 1273 3456 diebus
1293 3394 1450 3458 Contrebia
1469 3405 1645 3478 exqougnata,
1668 3397 1828 3479 relictoque
1848 3398 1889 3462 ihi
1910 3400 1945 3462 L.
1967 3401 2075 3466 lnstelo

461 3514 592 3586 custode,
611 3511 647 3573 ad
670 3508 810 3570 lliberum
834 3505 941 3566 dumon
960 3501 1060 3582 copias
1082 3497 1209 3562 adducit.
1252 3497 1296 3558 lbi
1312 3497 1506 3564 hibernaculis
1521 3501 1681 3567 secundum
1703 3503 1854 3584 oppidum,
1878 3505 1958 3584 quod
1973 3505 2075 3570 Castra

461 3623 542 3688 helia
570 3627 705 3690 vocatur,
737 3610 903 3682 aedificatis,
931 3608 994 3689 ipso
1019 3607 1050 3688 in
1072 3603 1176 3666 eastris
1195 3601 1346 3676 manebam
1373 3603 1498 3665 interdiu
1520 3613 1693 3668 conventum
1712 3605 1858 3670 sociaraun
1882 3608 2027 3672 civitatum
2046 3610 2077 3674 in

461 3725 572 3808 oppido
596 3721 709 3804 agebat.
752 3717 842 3780 Arma
864 3723 896 3776 ut
917 3713 1029 3786 fierent,
1055 3729 1111 3790 pro
1134 3708 1227 3790 copiis
1257 3707 1397 3786 cuiusque
1418 3707 1520 3787 populi
1541 3725 1595 3788 per
1617 3717 1709 3771 totam
1728 3707 1910 3791 provinciam
1931 3711 2074 3776 edixerat:

461 3829 569 3912 quibus
595 3824 743 3906 inspectis,
774 3821 884 3886 reterre
911 3826 1007 3880 cetera
1034 3836 1116 3880 arma
1136 3817 1242 3879 milites
1262 3814 1356 3877 iussit.
1401 3811 1483 3886 Quae
1504 3821 1554 3874 aut
1577 3811 1730 3876 itineribus
1752 3812 1881 3889 crebris,
1904 3823 1955 3878 aut
1976 3833 2074 3898 oppu-

459 3933 663 4016 gnationibus,
684 3937 739 3990 out
755 3923 885 4006 proeliis
905 3933 992 3984 eram
1014 3931 1168 4002 conopeo,
1190 3920 1324 3993 metuite,
1346 3927 1374 3980 et
1395 3936 1501 3980 eorum
1522 3917 1587 3980 loeo
1605 3937 1681 3998 quoe
1698 3919 1773 3980 lacta
1787 3927 1870 3980 erant
1883 3937 1968 3993 nova,
1988 3936 2075 3984 mane

460 4056 515 4119 per
537 4031 719 4098 centuriones
742 4026 838 4090 divisit
859 4023 1034 4106 aequaliter.
1078 4021 1155 4084 'lum
1177 4041 1295 4101 quoque
1318 4025 1413 4084 sorios
1433 4021 1542 4084 milites
1563 4020 1700 4084 instruxit
1720 4022 1826 4084 armis:
1849 4022 2075 4105 vestimentaque

459 4139 541 4202 doto.
584 4132 767 4216 Stipendium
786 4129 896 4192 datum.
939 4126 1053 4188 Fohros
1076 4129 1171 4188 monis
1192 4129 1307 4206 generis
1327 4125 1533 4187 construendis
1549 4125 1688 4204 operibus
1703 4124 1959 4201 bellicisidooeos,
1973 4131 2073 4208 pretio

454 4247 611 4326 proposito
641 4240 763 4303 allexit:
794 4235 918 4316 indeque
945 4233 1096 4304 exciverat,
1125 4231 1231 4311 quibus
1253 4227 1424 4293 officinabus
1451 4226 1582 4288 bitumen
1605 4237 1757 4308 ceteroque
1777 4234 1915 4293 metensi
1933 4231 2075 4296 distribui

459 4351 589 4418 curant,
621 4344 733 4406 ratione
760 4341 839 4412 lauto,
869 4337 938 4419 quid
965 4338 995 4399 in
1023 4333 1153 4416 singulos
1179 4335 1240 4396 dies
1269 4331 1347 4398 ellici
1374 4337 1486 4410 posset·
1536 4328 1636 4410 ltaque
1656 4330 1754 4394 omnia
1775 4332 1862 4394 simul
1882 4333 2075 4398 instrumenta

457 4450 527 4518 belli
547 4449 735 4532 parabantur.
777 4444 878 4524 Neque
896 4441 1017 4506 materia
1034 4439 1205 4514 aru'ticihus,
1226 4436 1407 4518 praeparatis
1427 4443 1493 4499 ante
1506 4435 1652 4509 omnihus,
1673 4434 1830 4519 innixoque
1844 4437 1950 4500 virium
1963 4438 2071 4512 studio,

456 4573 514 4618 nee
541 4569 596 4614 suo
625 4549 747 4630 quisque
779 4545 862 4628 operi
891 4546 994 4611 artifex
1019 4545 1129 4606 deerat.
1184 4540 1355 4604 Convocatis
1383 4539 1486 4602 deinde
1514 4537 1646 4600 omninum
1668 4540 1848 4620 populomm
1868 4539 2071 4622 legationibus,

455 4658 556 4721 uerbis
582 4652 703 4727 ontulit,
731 4670 803 4731 quas
831 4652 895 4733 ipse
930 4669 978 4711 res
1003 4649 1180 4730 prosectis,
1203 4661 1333 4725 quasque
1353 4642 1384 4706 in
1405 4641 1607 4726 oppugnandis
1629 4641 1752 4706 urbibus
1773 4644 1902 4709 bostium
1924 4643 2072 4726 gessisset,

459 4758 603 4843 esposuit,
626 4761 655 4816 et
677 4753 713 4816 ad
727 4752 839 4831 reliqua
853 4749 920 4816 belli
942 4751 1112 4814 cohortatus
1135 4757 1188 4823 est,
1206 4744 1306 4830 paucis
1321 4747 1452 4821 edoctos,
1468 4755 1607 4827 quantum
1622 4745 1779 4829 Hispaniae
1792 4749 1959 4831 provinciae
1978 4748 2070 4814 inter·
