4814 5970
496 693 575 770 tto

491 857 630 926 endem
648 858 694 924 ita
715 857 876 948 eorrupit,
890 869 941 938 ut,
956 866 1096 946 ntraqne
1117 855 1260 923 lectione
1279 855 1470 938 coniurata,
1493 853 1672 922 aeriberets
1694 854 1754 922 ubi
1771 881 1834 945 pro
1850 859 2036 928 ‘deoontes
2050 885 2108 927 ιιι·

492 965 604 1053 liparas
628 961 873 1051 Amphilochus
903 959 1039 1027 colitur.
1091 959 1166 1028 lloe
1198 982 1278 1028 sane
1307 959 1419 1028 mirari
1450 957 1552 1025 subit.
1600 957 1710 1026 binlto
1732 961 1839 1046 magis
1862 974 1969 1028 autem
1993 965 2107 1050 miror,

491 1063 691 1150 Bebbernm,
714 1066 773 1153 qoi
803 1063 928 1130 codicis
956 1063 1165 1130 collationem
1196 1067 1232 1131 in
1254 1077 1410 1158 promptu
1440 1064 1590 1146 baberet,
1613 1065 1694 1131 mibi
1714 1087 1781 1130 non
1802 1089 1876 1133 eoae
1899 1069 2108 1154 obsecutum,

492 1176 527 1232 et
553 1162 748 1230 adversante
775 1162 890 1228 codiee
918 1161 1081 1228 edidissea
1107 1163 1166 1229 ubi
1187 1189 1251 1254 pro
1279 1167 1340 1232 deo
1362 1179 1458 1235 ortes
1479 1167 1709 1256 Amphiaraus
1732 1168 1871 1251 colitur,
1892 1171 1982 1257 qnod
2003 1191 2110 1259 aeque

493 1288 533 1335 ae
558 1265 731 1353 vulgatum
757 1265 851 1332 nollo
875 1275 973 1354 paeto
999 1262 1127 1330 admitti
1157 1279 1278 1354 potest.
1328 1270 1423 1338 Nibil
1446 1273 1533 1338 enim
1556 1271 1716 1338 attinebat
1737 1271 1857 1338 addere
1880 1297 2000 1340 nomen
2022 1273 2108 1340 ratis

493 1395 537 1440 ex
557 1371 678 1438 iabnlis
700 1383 828 1458 notum,
851 1383 884 1436 et
902 1369 942 1434 ab
965 1367 1087 1436 uritis
1109 1393 1243 1459 quoque
1263 1373 1481 1464 Metamorpb.
1506 1373 1571 1453 lX,
1595 1373 1669 1440 406.
1692 1397 1745 1463 sq.
1767 1375 1803 1439 in
1825 1375 1959 1444 oraeulo
1975 1376 2108 1444 Tbemi·

496 1477 549 1546 dis
569 1476 740 1544 omissum.

579 1610 664 1700 Cap.
686 1605 855 1675 xxvttt.
885 1605 972 1673 inter
999 1606 1131 1692 omnia]
1163 1605 1215 1672 ttx
1244 1603 1406 1671 Gronorii
1437 1601 1686 1688 emendatione,
1717 1627 1735 1669 a
1763 1603 1931 1684 Crepierio
1958 1605 2108 1694 probata,

494 1715 588 1780 sistro
610 1713 740 1778 moenio
762 1707 895 1798 scripsi.
925 1709 1000 1778 BC.
1029 1713 1073 1778 Β.
1104 1747 1144 1760 -
1174 1703 1433 1796 memorabilem]
1464 1703 1548 1771 Cod.
1577 1705 1825 1773 memorabilem
1856 1731 1896 1775 oo
1925 1709 2108 1774 silentium.

494 1813 598 1882 Urbis
616 1834 736 1881 nomen
760 1813 795 1879 io
817 1811 873 1898 iis,
896 1835 981 1902 quae
1002 1813 1036 1878 in
1060 1813 1175 1879 codiee
1193 1812 1372 1891 adduntur,
1393 1808 1495 1877 latere
1511 1810 1701 1897 suspicatus
1717 1809 1836 1874 verbor
1852 1833 1894 1876 oe
1912 1811 2108 1877 Palaestinam

495 1917 566 1984 sive
586 1915 798 1984 Pollentiam
820 1915 938 1980 adieci.
960 1915 1035 1982 BC.
1058 1918 1103 1982 B.
1147 1915 1279 1981 Etenim
1302 1912 1434 1978 Plinius
1458 1912 1547 1978 llist.
1572 1909 1647 1976 Nat.
1669 1911 1734 1994 lV,
1755 1909 1789 1976 6.
1816 1911 2013 1978 Pallantiane
2037 1913 2109 1978 sire

492 2019 721 2102 Pallanteum,
741 2019 857 2084 urbem
880 2017 1090 2102 Arcadicum,
1113 2017 1154 2081 de
1174 2041 1240 2104 qna
1260 2015 1456 2103 interpretes
1477 2012 1519 2079 ad
1541 2011 1616 2078 Lis.
1646 2011 1728 2093 1,o.
1750 2023 1850 2100 atque
1872 2012 1987 2078 Rosail
2010 2013 2107 2080 Gric·

494 2121 626 2189 ohisohe
643 2117 928 2210 diripe-lisiaco,
951 2117 1031 2185 vot.
1057 2117 1084 2183 l.
1109 2110 1144 2207 p.
1167 2117 1242 2182 223.
1265 2139 1317 2206 aq.
1339 2117 1439 2183 velim
1461 2115 1632 2198 conferas,
1653 2125 1688 2181 et
1707 2113 1962 2203 Megalopolim,
1992 2115 2109 2182 itidem

493 2223 530 2290 in
551 2223 697 2291 Arcadia
719 2221 833 2304 sitam,
868 2222 983 2288 eodem
1012 2221 1128 2303 ordine
1148 2235 1316 2306 recenset,
1347 2243 1446 2308 qoem
1476 2218 1516 2283 Ι..
1545 2217 1712 2284 Aemilius
1738 2217 1876 2284 Paullus
1901 2218 1937 2282 in
1970 2215 2108 2282 (irretio

441 2319 456 2338 '
490 2323 694 2417 peragranda
717 2335 851 2390 secutus
871 2336 933 2388 est.
979 2321 1132 2389 Ceterum
1155 2323 1235 2388 baec
1256 2322 1357 2387 verbs
1378 2341 1446 2386 noo
1466 2342 1485 2383 ι
1506 2317 1664 2402 librariis,
1680 2325 1718 2384 ot
1733 2317 2108 2406 baumgartens-Cresius

491 2427 666 2520 perbibet,
688 2427 748 2492 sed
769 2448 787 2490 ι
812 2420 964 2512 Gryoaeo
987 2437 1065 2491 sunt
1087 2423 1219 2490 omissa.
1252 2456 1291 2472 --
1318 2421 1505 2506 adscendit]
1528 2421 1613 2488 Cod.
1635 2425 1800 2505 escendit,
1824 2423 1916 2512 quod
1941 2423 1997 2490 bio
2026 2445 2108 2511 quo-

493 2553 560 2622 qne
579 2529 732 2622 praetuli.
754 2525 830 2595 BG·
852 2531 896 2596 Β.
927 2565 970 2578 -
992 2527 1141 2610 revertit]
1164 2529 1196 2591 Α
1214 2525 1486 2590 Drakenborebio
1506 2524 1692 2591 admonitas
1707 2547 1749 2592 ex
1764 2527 1928 2592 constanti
1942 2527 2107 2594 bonoram

490 2637 688 2726 scriptorum
710 2657 775 2700 usu
796 2632 966 2720 vulgatum
988 2630 1022 2698 iu
1044 2633 1227 2697 revertitur
1249 2628 1384 2696 mutavi.
1406 2625 1482 2694 BG·
1505 2629 1548 2694 Β.
1574 2626 1628 2692 (il.
1652 2627 1750 2693 dere
1770 2627 1944 2694 notissima
1962 2625 2109 2716 Reisigti

492 2738 638 2807 Gramm.
661 2734 735 2803 Lat.
758 2755 794 2826 p.
816 2733 892 2802 240.
922 2733 1036 2823 ibique
1066 2731 1183 2800 lioasii
1212 2745 1282 2800 not.
1311 2731 1387 2800 200.
1416 2767 1456 2780 -
1481 2731 1602 2800 missos
1630 2756 1650 2798 ι
1675 2732 1800 2799 Brebio
1826 2732 1991 2822 praeside]
2018 2733 2104 2800 cot.

489 2843 652 2934 praesidi.
697 2840 753 2904 Ad
776 2839 863 2904 bone
885 2837 994 2904 locum
1024 2835 1088 2904 iam
1117 2837 1272 2903 Doberos
1304 2850 1393 2904 reete
1423 2837 1614 2902 oll'eoderrt.
1664 2837 1845 2926 Propterea
1872 2838 2039 2925 praesidi,
2068 2849 2109 2904 nt
2205 2859 2214 2868 ·

490 2945 624 3028 XLlll,
648 2941 701 3011 ¹8.
723 2953 757 3008 et
778 2939 876 3025 alibi,
899 2963 960 3028 pro
980 2940 1145 3028 praesidii
1164 2941 1308 3029 positum
1328 2965 1402 3008 esse
1424 2953 1515 3007 ratns
1537 2943 1617 3008 brec
1638 2941 1770 3031 plenior
1797 2943 1908 3009 edidis
1938 2947 2054 3011 missos
2081 2969 2108 3012 ιι

490 3049 633 3132 Baebio,
654 3045 825 3136 praefecto
845 3047 1017 3140 praesidii.
1042 3045 1117 3112 ΒΟ.
1144 3048 1188 3111 Β.
1231 3045 1350 3136 Neque
1372 3057 1435 3132 est,
1459 3071 1519 3113 eur
1537 3047 1636 3112 boios
1660 3046 1885 3135 supplementi
1909 3069 1962 3114 me
1989 3046 2106 3136 poeni·

490 3162 570 3219 test.
614 3148 737 3216 Postea
759 3169 827 3211 non
848 3147 955 3211 solum
979 3145 1172 3214 vocabulum
1194 3147 1379 3236 praefecto,
1403 3148 1462 3213 sed
1490 3149 1586 3213 etiam
1617 3170 1815 3237 praenomen
1845 3151 1982 3232 Baebii,
2012 3151 2105 3239 quod

489 3253 607 3320 Livius
629 3250 714 3316 iolra
734 3271 808 3337 cap.
830 3245 883 3312 ³1.
906 3246 1046 3333 addidit,
1069 3248 1194 3315 librarii
1216 3249 1312 3336 eulpa
1335 3251 1556 3335 intercidisse,
1577 3263 1610 3316 et
1638 3255 1680 3320 ab
1708 3277 1740 3318 ιι.
1765 3253 1893 3334 baebio,
1920 3253 2030 3318 idest
2057 3253 2103 3320 ub

489 3357 537 3424 A.
558 3357 700 3434 Baebio,
723 3353 758 3418 in
781 3376 802 3416 o
826 3351 942 3416 baebio
965 3351 1086 3415 abiisse
1109 3351 1296 3438 suspicatus
1319 3373 1403 3414 sum.
1421 3351 1667 3440 -possidere,
1686 3355 1951 3441 quiarguebant.
1995 3355 2105 3422 iussis

489 3457 722 3550 Amphipolim
745 3455 877 3543 adesse]
899 3455 982 3521 cot.
1005 3458 1176 3545 possidere
1198 3457 1296 3520 iussis
1317 3457 1376 3547 qui
1397 3457 1629 3544 orpuehautur
1649 3459 1836 3545 ompipolim
1858 3457 1989 3524 adesse.
2033 3456 2102 3522 Re·

490 3565 575 3635 etiuo
599 3587 640 3628 ex
661 3559 787 3628 [iuberi
806 3559 968 3624 sententia
995 3557 1136 3645 scripsit
1127 3557 1354 3646 aArnphipoli
1376 3557 1503 3622 adesse
1515 3555 1589 3624 Bc.
1603 3561 1646 3624 Β.
1693 3559 1802 3623 Laeua
1823 3569 1931 3623 tamen
1953 3561 2104 3628 nondun

487 3675 682 3756 personatus
706 3673 767 3728 est.
814 3660 986 3746 Grpnaens
1009 3657 1095 3722 enim
1124 3657 1293 3722 librarium
1315 3657 1369 3724 bie
1395 3679 1542 3746 quoque,
1572 3671 1609 3724 ut
1634 3657 1749 3742 Xbll,
1776 3661 1830 3726 27.
1861 3663 1920 3728 obi
1949 3665 2102 3733 brundisi

487 3769 605 3835 adesse
625 3767 689 3832 hoe
711 3765 817 3830 classe
838 3761 970 3827 iuberet
989 3784 1050 3850 pro
1072 3763 1249 3828 Brursdisii
1269 3763 1387 3828 edesse
1406 3766 1547 3832 iuberet.
1591 3766 1671 3830 Hae
1692 3765 1798 3832 elosse
1827 3779 1890 3834 ete.
1922 3769 1956 3834 in
1983 3771 2101 3838 codiee

486 3870 623 3959 legitur,
644 3865 743 3934 verba
764 3885 937 3954 perperam
959 3865 1204 3954 transposuisse
1226 3864 1381 3952 opinatos
1403 3866 1490 3930 boae
1512 3866 1620 3930 locum
1641 3889 1693 3952 eo,
1716 3892 1783 3960 quo
1797 3895 1895 3962 supra
1911 3875 2099 3996 posaimpo,

487 3976 603 4041 ordine
626 3970 741 4037 edidit.
772 3969 900 4053 Quium
922 3981 1043 4052 autem,
1065 3970 1094 4034 si
1117 3971 1258 4056 Grpnaei
1282 3969 1440 4036 rationem
1464 3971 1627 4059 sequaris,
1648 3993 1708 4060 pro
1731 3977 1792 4070 qui
1813 3977 2055 4066 orpaebunt,'
2027 4003 2099 4047 save

385 4094 390 4103 ·
485 4076 567 4142 baee
588 4069 687 4140 rerba
710 4071 751 4137 od
773 4071 928 4153 Aetolos,
949 4071 1080 4159 Lycisci
1101 4083 1134 4136 ct
1155 4073 1290 4161 Tisippi
1311 4087 1530 4159 accusatores,
1554 4102 1626 4143 eum
1648 4078 1829 4166 Crevierio,
1852 4083 2037 4173 Doeringio
2064 4097 2099 4153 et

486 4175 650 4264 Rupertio
674 4173 878 4263 ineptissime
902 4173 1088 4258 releras,
1061 4197 1130 4238 aare
1152 4172 1192 4238 ad
1217 4173 1389 4263 Lyciscam
1411 4190 1444 4245 et
1464 4178 1656 4269 Tisippnm,
1678 4196 2096 4273 senatornmacensatores,

485 4301 570 4370 quos
592 4278 714 4360 multo,
738 4300 835 4367 quom
859 4277 954 4361 illos,
977 4276 1183 4367 probabilius
1205 4287 1255 4340 est
1281 4275 1367 4342 bona
1391 4301 1526 4365 eorum,
1556 4283 1615 4372 qui
1640 4283 1805 4352 interlecti
1834 4303 1965 4375 essent,
1990 4302 2024 4359 et
2043 4313 2097 4358 ex·

484 4382 594 4452 aulum
617 4381 819 4471 possedisse,
839 4382 962 4447 rectius
983 4383 1112 4467 relerri,
1136 4406 1209 4449 cnm
1233 4380 1442 4470 Heusingcro
1463 4397 1600 4487 statuas,
1621 4391 1681 4481 qui
1701 4405 1885 4481 sapuerent
1905 4395 2097 4481 ponendum

484 4511 560 4555 esse
582 4487 745 4569 videatur,
769 4496 898 4552 servato
920 4485 1093 4552 verborum
1101 4431 1245 4567 'ordinm
1266 4505 1335 4548 noo
1356 4497 1420 4553 tam
1444 4493 1504 4584 qui
1525 4491 1726 4581 orpuebont,
1749 4495 1839 4583 quod
1861 4511 1894 4563 et
1922 4499 1995 4587 ipse
2015 4499 2094 4588 olim

482 4591 525 4663 ad
547 4591 687 4660 Aetolos
707 4611 775 4656 rem
796 4589 836 4656 ad
858 4591 1041 4658 Aemilium
1062 4591 1247 4656 delerentes
1268 4590 1434 4680 pertinere
1457 4591 1628 4681 opinabar,
1652 4617 1750 4684 quam
1773 4601 1833 4691 qui
1850 4605 2093 4692 repetebantur,
2211 4665 2220 4676 .

484 4694 575 4789 quod
596 4717 664 4762 non
687 4694 794 4759 solum
814 4691 855 4759 ad
875 4691 1051 4782 Lyciscam
1073 4706 1107 4759 et
1127 4693 1321 4786 Tisippnm,
1344 4695 1402 4763 aed
1426 4695 1522 4764 etiam
1545 4699 1586 4764 ad
1609 4699 1768 4766 Baebium
1790 4705 1998 4774 relereodom
2020 4730 2094 4778 ease

483 4809 631 4890 apparet,
655 4793 878 4881 scribendum,
899 4807 1071 4887 totumque
1092 4798 1215 4880 locum,
1231 4823 1296 4867 nna
1317 4811 1443 4868 tantum
1464 4801 1597 4870 liternla
1620 4814 1756 4887 mutata,
1779 4807 1843 4874 boe
1863 4809 1961 4877 modo
1974 4817 2095 4884 eonati·
