<?xml version="1.0" encoding="UTF-8"?>
<!DOCTYPE html PUBLIC "-//W3C//DTD XHTML 1.0 Transitional//EN"
    "http://www.w3.org/TR/xhtml1/DTD/xhtml1-transitional.dtd">
<html xmlns="http://www.w3.org/1999/xhtml" xml:lang="en" lang="en">
 <head>
  <title>
</title>
<meta http-equiv="Content-Type" content="text/html;charset=utf-8" />
  <meta name='ocr-system' content='tesseract 3.04.00' />
  <meta name='ocr-capabilities' content='ocr_page ocr_carea ocr_par ocr_line ocrx_word'/>
</head>
<body>
  <div class='ocr_page' id='page_1' title='image "./annotationesadt00kreygoog_0053.png"; bbox 0 0 4770 5994; ppageno 0'>
   <div class='ocr_carea' id='block_1_1' title="bbox 501 691 548 762">
    <p class='ocr_par' dir='ltr' id='par_1_1' title="bbox 501 691 548 762">
     <span class='ocr_line' id='line_1_1' title="bbox 501 691 548 762; baseline 0 0"><span class='ocrx_word' id='word_1_1' title='bbox 501 691 548 762; x_wconf 79' lang='grc'><strong>1-8</strong></span> 
     </span>
    </p>
   </div>
   <div class='ocr_carea' id='block_1_2' title="bbox 500 851 2119 1262">
    <p class='ocr_par' dir='ltr' id='par_1_2' title="bbox 500 851 2119 1262">
     <span class='ocr_line' id='line_1_2' title="bbox 501 851 2119 948; baseline -0.019 -12"><span class='ocrx_word' id='word_1_2' title='bbox 501 865 758 940; x_wconf 77' lang='lat' dir='ltr'><strong>emendationem</strong></span> <span class='ocrx_word' id='word_1_3' title='bbox 794 859 898 926; x_wconf 82' lang='lat' dir='ltr'><strong>secuti</strong></span> <span class='ocrx_word' id='word_1_4' title='bbox 925 859 1202 948; x_wconf 65' lang='lat' dir='ltr'><em>propagationem</em></span> <span class='ocrx_word' id='word_1_5' title='bbox 1233 853 1438 942; x_wconf 71' lang='lat' dir='ltr'>scripsimus.</span> <span class='ocrx_word' id='word_1_6' title='bbox 1461 851 1536 920; x_wconf 78' lang='lat' dir='ltr'><strong>BC.</strong></span> <span class='ocrx_word' id='word_1_7' title='bbox 1560 853 1602 918; x_wconf 81' lang='lat' dir='ltr'><strong>B.</strong></span> <span class='ocrx_word' id='word_1_8' title='bbox 1649 853 1814 918; x_wconf 78' lang='lat' dir='ltr'>Lacunam</span> <span class='ocrx_word' id='word_1_9' title='bbox 1847 853 2020 938; x_wconf 71' lang='lat' dir='ltr'><strong>Gryuaeus</strong></span> <span class='ocrx_word' id='word_1_10' title='bbox 2043 873 2119 938; x_wconf 75' lang='lat' dir='ltr'><strong>pro.</strong></span> 
     </span>
     <span class='ocr_line' id='line_1_3' title="bbox 500 951 2117 1050; baseline -0.012 -12"><span class='ocrx_word' id='word_1_11' title='bbox 500 969 653 1038; x_wconf 76' lang='lat' dir='ltr'><strong>habiliter</strong></span> <span class='ocrx_word' id='word_1_12' title='bbox 675 965 851 1031; x_wconf 75' lang='lat' dir='ltr'><strong>admodum</strong></span> <span class='ocrx_word' id='word_1_13' title='bbox 875 961 1031 1050; x_wconf 78' lang='lat' dir='ltr'><strong>explevit.</strong></span> <span class='ocrx_word' id='word_1_14' title='bbox 1077 957 1161 1025; x_wconf 83' lang='lat' dir='ltr'><strong>Nam</strong></span> <span class='ocrx_word' id='word_1_15' title='bbox 1184 957 1375 1045; x_wconf 85' lang='lat' dir='ltr'><strong>haruspices</strong></span> <span class='ocrx_word' id='word_1_16' title='bbox 1397 958 1494 1022; x_wconf 87' lang='lat' dir='ltr'><strong>etiam</strong></span> <span class='ocrx_word' id='word_1_17' title='bbox 1520 959 1593 1022; x_wconf 75' lang='lat' dir='ltr'><strong>niv.</strong></span> <span class='ocrx_word' id='word_1_18' title='bbox 1618 955 1754 1038; x_wconf 85' lang='lat' dir='ltr'><strong>XXXl,</strong></span> <span class='ocrx_word' id='word_1_19' title='bbox 1778 955 1809 1019; x_wconf 80' lang='lat'><strong>5.</strong></span> <span class='ocrx_word' id='word_1_20' title='bbox 1833 951 2045 1043; x_wconf 86' lang='lat' dir='ltr'><strong>respondisse</strong></span> <span class='ocrx_word' id='word_1_21' title='bbox 2070 954 2117 1019; x_wconf 91' lang='lat' dir='ltr'><strong>di-</strong></span> 
     </span>
     <span class='ocr_line' id='line_1_4' title="bbox 502 1063 2117 1156; baseline -0.01 -15"><span class='ocrx_word' id='word_1_22' title='bbox 502 1085 637 1142; x_wconf 81' lang='lat' dir='ltr'><strong>cuntur=</strong></span> <span class='ocrx_word' id='word_1_23' title='bbox 671 1073 761 1136; x_wconf 85' lang='lat' dir='ltr'><strong>lueto</strong></span> <span class='ocrx_word' id='word_1_24' title='bbox 789 1080 869 1132; x_wconf 79' lang='lat' dir='ltr'><strong>exto</strong></span> <span class='ocrx_word' id='word_1_25' title='bbox 898 1067 1018 1153; x_wconf 69' lang='lat' dir='ltr'><strong>facisse,</strong></span> <span class='ocrx_word' id='word_1_26' title='bbox 1050 1075 1084 1130; x_wconf 85' lang='lat' dir='ltr'><strong>et</strong></span> <span class='ocrx_word' id='word_1_27' title='bbox 1110 1064 1334 1152; x_wconf 72' lang='lat' dir='ltr'><strong>prolationem</strong></span> <span class='ocrx_word' id='word_1_28' title='bbox 1354 1063 1470 1152; x_wconf 66' lang='lat' dir='ltr'><strong>flurium</strong></span> <span class='ocrx_word' id='word_1_29' title='bbox 1491 1067 1732 1156; x_wconf 81' lang='lat' dir='ltr'><strong>victoriamque</strong></span> <span class='ocrx_word' id='word_1_30' title='bbox 1763 1075 1795 1128; x_wconf 85' lang='lat' dir='ltr'><strong>et</strong></span> <span class='ocrx_word' id='word_1_31' title='bbox 1817 1063 2022 1150; x_wconf 79' lang='lat' dir='ltr'><strong>trinmpltuat</strong></span> <span class='ocrx_word' id='word_1_32' title='bbox 2041 1083 2117 1149; x_wconf 81' lang='lat' dir='ltr'><strong>por-</strong></span> 
     </span>
     <span class='ocr_line' id='line_1_5' title="bbox 502 1165 2118 1262; baseline -0.008 -18"><span class='ocrx_word' id='word_1_33' title='bbox 502 1181 605 1244; x_wconf 87' lang='lat' dir='ltr'><strong>tendi.</strong></span> <span class='ocrx_word' id='word_1_34' title='bbox 630 1213 669 1224; x_wconf 89' lang='lat'>-</span> <span class='ocrx_word' id='word_1_35' title='bbox 703 1172 861 1262; x_wconf 89' lang='lat' dir='ltr'><strong>populum</strong></span> <span class='ocrx_word' id='word_1_36' title='bbox 889 1167 1088 1250; x_wconf 75' lang='lat' dir='ltr'><strong>Bouianum]</strong></span> <span class='ocrx_word' id='word_1_37' title='bbox 1129 1165 1212 1231; x_wconf 85' lang='lat' dir='ltr'><strong>Cod.</strong></span> <span class='ocrx_word' id='word_1_38' title='bbox 1239 1179 1451 1254; x_wconf 77' lang='lat' dir='ltr'><strong>praetorem,</strong></span> <span class='ocrx_word' id='word_1_39' title='bbox 1481 1169 1570 1234; x_wconf 87' lang='lat' dir='ltr'><strong>notis</strong></span> <span class='ocrx_word' id='word_1_40' title='bbox 1600 1171 1643 1234; x_wconf 88' lang='lat' dir='ltr'><strong>P.</strong></span> <span class='ocrx_word' id='word_1_41' title='bbox 1676 1171 1718 1232; x_wconf 81' lang='grc'><strong>11.</strong></span> <span class='ocrx_word' id='word_1_42' title='bbox 1750 1179 1782 1232; x_wconf 92' lang='lat' dir='ltr'><strong>et</strong></span> <span class='ocrx_word' id='word_1_43' title='bbox 1807 1171 1884 1234; x_wconf 80' lang='lat' dir='ltr'><strong>Pu.</strong></span> <span class='ocrx_word' id='word_1_44' title='bbox 1917 1166 2118 1258; x_wconf 82' lang='lat' dir='ltr'><strong>permutatis.</strong></span> 
     </span>
    </p>
   </div>
   <div class='ocr_carea' id='block_1_3' title="bbox 501 1267 2116 1370">
    <p class='ocr_par' dir='ltr' id='par_1_3' title="bbox 501 1267 2116 1370">
     <span class='ocr_line' id='line_1_6' title="bbox 501 1267 2116 1370; baseline -0.009 -21"><span class='ocrx_word' id='word_1_45' title='bbox 501 1277 627 1350; x_wconf 88' lang='lat' dir='ltr'><strong>Eodem</strong></span> <span class='ocrx_word' id='word_1_46' title='bbox 643 1277 739 1343; x_wconf 72' lang='lat' dir='ltr'><strong>niodo</strong></span> <span class='ocrx_word' id='word_1_47' title='bbox 756 1273 908 1340; x_wconf 88' lang='lat' dir='ltr'><strong>librarius</strong></span> <span class='ocrx_word' id='word_1_48' title='bbox 922 1269 1032 1354; x_wconf 87' lang='lat' dir='ltr'>XLV,</span> <span class='ocrx_word' id='word_1_49' title='bbox 1045 1271 1098 1336; x_wconf 81' lang='lat'><strong>37.</strong></span> <span class='ocrx_word' id='word_1_50' title='bbox 1117 1271 1277 1360; x_wconf 77' lang='lat' dir='ltr'><strong>peecavit.</strong></span> <span class='ocrx_word' id='word_1_51' title='bbox 1305 1267 1382 1334; x_wconf 89' lang='lat' dir='ltr'><strong>Vid.</strong></span> <span class='ocrx_word' id='word_1_52' title='bbox 1401 1273 1575 1336; x_wconf 72' lang='lat' dir='ltr'><strong>Arruntatt.</strong></span> <span class='ocrx_word' id='word_1_53' title='bbox 1589 1269 1629 1334; x_wconf 85' lang='lat' dir='ltr'><strong>ed</strong></span> <span class='ocrx_word' id='word_1_54' title='bbox 1644 1269 1718 1370; x_wconf 45' lang='grc' dir='ltr'><strong>Ην..</strong></span> <span class='ocrx_word' id='word_1_55' title='bbox 1737 1267 1906 1352; x_wconf 77' lang='lat' dir='ltr'>XXXIV,</span> <span class='ocrx_word' id='word_1_56' title='bbox 1921 1271 1975 1334; x_wconf 78' lang='lat'><strong>53.</strong></span> <span class='ocrx_word' id='word_1_57' title='bbox 1991 1295 2026 1360; x_wconf 94' lang='lat' dir='ltr'><strong>p.</strong></span> <span class='ocrx_word' id='word_1_58' title='bbox 2041 1267 2116 1335; x_wconf 73' lang='lat'><strong>221.</strong></span> 
     </span>
    </p>
   </div>
   <div class='ocr_carea' id='block_1_4' title="bbox 497 1401 2152 2334">
    <p class='ocr_par' dir='ltr' id='par_1_4' title="bbox 497 1401 2152 2334">
     <span class='ocr_line' id='line_1_7' title="bbox 587 1401 2118 1501; baseline -0.005 -21"><span class='ocrx_word' id='word_1_59' title='bbox 587 1416 669 1501; x_wconf 87' lang='lat' dir='ltr'><strong>Cap.</strong></span> <span class='ocrx_word' id='word_1_60' title='bbox 694 1408 827 1474; x_wconf 89' lang='lat' dir='ltr'><strong>XXXl.</strong></span> <span class='ocrx_word' id='word_1_61' title='bbox 853 1404 971 1470; x_wconf 86' lang='lat' dir='ltr'><strong>duceni</strong></span> <span class='ocrx_word' id='word_1_62' title='bbox 993 1405 1136 1494; x_wconf 87' lang='lat' dir='ltr'><strong>equites]</strong></span> <span class='ocrx_word' id='word_1_63' title='bbox 1171 1401 1254 1468; x_wconf 85' lang='lat' dir='ltr'><strong>Cod.</strong></span> <span class='ocrx_word' id='word_1_64' title='bbox 1287 1405 1580 1492; x_wconf 74' lang='lat' dir='ltr'><strong>doceatipedites,</strong></span> <span class='ocrx_word' id='word_1_65' title='bbox 1614 1405 1703 1494; x_wconf 90' lang='lat' dir='ltr'><strong>qnod</strong></span> <span class='ocrx_word' id='word_1_66' title='bbox 1735 1405 1907 1494; x_wconf 68' lang='lat' dir='ltr'><strong>Grynaeus</strong></span> <span class='ocrx_word' id='word_1_67' title='bbox 1936 1419 2056 1472; x_wconf 87' lang='lat' dir='ltr'><strong>temere</strong></span> <span class='ocrx_word' id='word_1_68' title='bbox 2083 1405 2118 1472; x_wconf 89' lang='lat' dir='ltr'><strong>in</strong></span> 
     </span>
     <span class='ocr_line' id='line_1_8' title="bbox 501 1503 2152 1602; baseline -0.009 -12"><span class='ocrx_word' id='word_1_69' title='bbox 501 1523 585 1590; x_wconf 89' lang='lat' dir='ltr'><strong>illud</strong></span> <span class='ocrx_word' id='word_1_70' title='bbox 610 1517 756 1586; x_wconf 83' lang='lat' dir='ltr'><strong>mutavit.</strong></span> <span class='ocrx_word' id='word_1_71' title='bbox 778 1512 852 1580; x_wconf 83' lang='lat' dir='ltr'><strong>BC.</strong></span> <span class='ocrx_word' id='word_1_72' title='bbox 877 1515 918 1577; x_wconf 85' lang='lat' dir='ltr'><strong>B.</strong></span> <span class='ocrx_word' id='word_1_73' title='bbox 965 1510 1086 1574; x_wconf 83' lang='lat' dir='ltr'><strong>Veram</strong></span> <span class='ocrx_word' id='word_1_74' title='bbox 1110 1506 1284 1572; x_wconf 86' lang='lat' dir='ltr'><strong>lectionem</strong></span> <span class='ocrx_word' id='word_1_75' title='bbox 1306 1532 1323 1571; x_wconf 86' lang='lat' dir='ltr'><strong>a</strong></span> <span class='ocrx_word' id='word_1_76' title='bbox 1345 1506 1461 1596; x_wconf 88' lang='lat' dir='ltr'><strong>Lipsio</strong></span> <span class='ocrx_word' id='word_1_77' title='bbox 1485 1523 1517 1574; x_wconf 88' lang='lat' dir='ltr'><strong>et</strong></span> <span class='ocrx_word' id='word_1_78' title='bbox 1540 1509 1718 1576; x_wconf 85' lang='lat' dir='ltr'><strong>Perizonio</strong></span> <span class='ocrx_word' id='word_1_79' title='bbox 1747 1508 1935 1575; x_wconf 83' lang='lat' dir='ltr'><strong>conicetura</strong></span> <span class='ocrx_word' id='word_1_80' title='bbox 1957 1523 2118 1602; x_wconf 85' lang='lat' dir='ltr'><strong>repertam</strong></span> <span class='ocrx_word' id='word_1_81' title='bbox 2151 1503 2152 1506; x_wconf 21' lang='lat'>¹</span> 
     </span>
     <span class='ocr_line' id='line_1_9' title="bbox 503 1609 2119 1704; baseline -0.01 -10"><span class='ocrx_word' id='word_1_82' title='bbox 503 1631 566 1694; x_wconf 82' lang='lat' dir='ltr'><strong>iam</strong></span> <span class='ocrx_word' id='word_1_83' title='bbox 591 1619 837 1698; x_wconf 84' lang='lat' dir='ltr'><strong>Lallcmandos,</strong></span> <span class='ocrx_word' id='word_1_84' title='bbox 862 1615 1066 1704; x_wconf 70' lang='lat' dir='ltr'><strong>Deeriogius</strong></span> <span class='ocrx_word' id='word_1_85' title='bbox 1088 1625 1120 1678; x_wconf 89' lang='lat' dir='ltr'><strong>ct</strong></span> <span class='ocrx_word' id='word_1_86' title='bbox 1143 1609 1325 1699; x_wconf 78' lang='lat' dir='ltr'><strong>Rupertius</strong></span> <span class='ocrx_word' id='word_1_87' title='bbox 1349 1613 1577 1677; x_wconf 85' lang='lat' dir='ltr'><strong>restituerunt.</strong></span> <span class='ocrx_word' id='word_1_88' title='bbox 1602 1650 1641 1660; x_wconf 93' lang='lat'><strong>-—</strong></span> <span class='ocrx_word' id='word_1_89' title='bbox 1666 1624 1767 1701; x_wconf 88' lang='lat' dir='ltr'><strong>utque</strong></span> <span class='ocrx_word' id='word_1_90' title='bbox 1792 1613 1838 1677; x_wconf 85' lang='lat' dir='ltr'><strong>ibi</strong></span> <span class='ocrx_word' id='word_1_91' title='bbox 1868 1628 2119 1702; x_wconf 65' lang='lat' dir='ltr'><strong>recognosceret</strong></span> 
     </span>
     <span class='ocr_line' id='line_1_10' title="bbox 501 1718 2118 1813; baseline -0.009 -15"><span class='ocrx_word' id='word_1_92' title='bbox 501 1745 598 1798; x_wconf 85' lang='lat' dir='ltr'><strong>-et</strong></span> <span class='ocrx_word' id='word_1_93' title='bbox 622 1731 715 1796; x_wconf 82' lang='lat' dir='ltr'><strong>deret</strong></span> <span class='ocrx_word' id='word_1_94' title='bbox 736 1725 883 1813; x_wconf 82' lang='lat' dir='ltr'><strong>opernm]</strong></span> <span class='ocrx_word' id='word_1_95' title='bbox 911 1723 1022 1808; x_wconf 85' lang='lat' dir='ltr'><strong>Quum</strong></span> <span class='ocrx_word' id='word_1_96' title='bbox 1046 1720 1079 1784; x_wconf 91' lang='lat' dir='ltr'><strong>in</strong></span> <span class='ocrx_word' id='word_1_97' title='bbox 1108 1718 1222 1788; x_wconf 85' lang='lat' dir='ltr'><strong>codiee</strong></span> <span class='ocrx_word' id='word_1_98' title='bbox 1252 1719 1393 1804; x_wconf 89' lang='lat' dir='ltr'><strong>primum</strong></span> <span class='ocrx_word' id='word_1_99' title='bbox 1425 1718 1534 1809; x_wconf 71' lang='lat' dir='ltr'><strong>nilque</strong></span> <span class='ocrx_word' id='word_1_100' title='bbox 1564 1720 1610 1782; x_wconf 76' lang='lat' dir='ltr'><strong>iot</strong></span> <span class='ocrx_word' id='word_1_101' title='bbox 1638 1730 1896 1808; x_wconf 85' lang='lat' dir='ltr'><strong>recopnoseeret</strong></span> <span class='ocrx_word' id='word_1_102' title='bbox 1925 1742 1983 1806; x_wconf 85' lang='lat' dir='ltr'><strong>pro</strong></span> <span class='ocrx_word' id='word_1_103' title='bbox 2014 1730 2118 1812; x_wconf 83' lang='lat' dir='ltr'><strong>ntpue</strong></span> 
     </span>
     <span class='ocr_line' id='line_1_11' title="bbox 504 1820 2119 1925; baseline -0.012 -19"><span class='ocrx_word' id='word_1_104' title='bbox 504 1841 550 1906; x_wconf 80' lang='lat' dir='ltr'><strong>ihi</strong></span> <span class='ocrx_word' id='word_1_105' title='bbox 569 1842 834 1925; x_wconf 82' lang='lat' dir='ltr'><strong>recopnoseeret,</strong></span> <span class='ocrx_word' id='word_1_106' title='bbox 861 1826 981 1900; x_wconf 82' lang='lat' dir='ltr'><strong>deinde</strong></span> <span class='ocrx_word' id='word_1_107' title='bbox 1005 1823 1116 1913; x_wconf 81' lang='lat' dir='ltr'><strong>lepere</strong></span> <span class='ocrx_word' id='word_1_108' title='bbox 1139 1843 1199 1910; x_wconf 83' lang='lat' dir='ltr'><strong>pro</strong></span> <span class='ocrx_word' id='word_1_109' title='bbox 1224 1821 1360 1912; x_wconf 69' lang='lat' dir='ltr'><strong>legeret,</strong></span> <span class='ocrx_word' id='word_1_110' title='bbox 1385 1822 1527 1910; x_wconf 87' lang='lat' dir='ltr'><strong>denique</strong></span> <span class='ocrx_word' id='word_1_111' title='bbox 1548 1823 1647 1886; x_wconf 83' lang='lat' dir='ltr'><strong>duret</strong></span> <span class='ocrx_word' id='word_1_112' title='bbox 1668 1845 1803 1905; x_wconf 74' lang='lat' dir='ltr'><strong>operans</strong></span> <span class='ocrx_word' id='word_1_113' title='bbox 1826 1820 2020 1908; x_wconf 84' lang='lat' dir='ltr'><strong>reperiatur,</strong></span> <span class='ocrx_word' id='word_1_114' title='bbox 2036 1821 2119 1888; x_wconf 77' lang='lat' dir='ltr'><strong>Bek-</strong></span> 
     </span>
     <span class='ocr_line' id='line_1_12' title="bbox 497 1925 2120 2021; baseline -0.013 -9"><span class='ocrx_word' id='word_1_115' title='bbox 497 1949 598 2012; x_wconf 71' lang='lat' dir='ltr'><strong>lserus</strong></span> <span class='ocrx_word' id='word_1_116' title='bbox 622 1953 726 2008; x_wconf 91' lang='lat' dir='ltr'><strong>totum</strong></span> <span class='ocrx_word' id='word_1_117' title='bbox 749 1936 857 2000; x_wconf 91' lang='lat' dir='ltr'><strong>locum</strong></span> <span class='ocrx_word' id='word_1_118' title='bbox 881 1942 990 2012; x_wconf 89' lang='lat' dir='ltr'><strong>recte,</strong></span> <span class='ocrx_word' id='word_1_119' title='bbox 1022 1927 1158 2016; x_wconf 88' lang='lat' dir='ltr'><strong>opinor,</strong></span> <span class='ocrx_word' id='word_1_120' title='bbox 1188 1925 1292 1990; x_wconf 89' lang='lat' dir='ltr'><strong>edidit</strong></span> <span class='ocrx_word' id='word_1_121' title='bbox 1320 1928 1408 1992; x_wconf 75' lang='lat' dir='ltr'><strong>ltnoe</strong></span> <span class='ocrx_word' id='word_1_122' title='bbox 1435 1925 1468 1990; x_wconf 90' lang='lat' dir='ltr'><strong>io</strong></span> <span class='ocrx_word' id='word_1_123' title='bbox 1499 1926 1649 1990; x_wconf 78' lang='lat' dir='ltr'><strong>modum:</strong></span> <span class='ocrx_word' id='word_1_124' title='bbox 1682 1936 1782 2021; x_wconf 78' lang='lat' dir='ltr'><strong>atque</strong></span> <span class='ocrx_word' id='word_1_125' title='bbox 1808 1925 1855 1988; x_wconf 75' lang='lat' dir='ltr'><strong>iti</strong></span> <span class='ocrx_word' id='word_1_126' title='bbox 1883 1951 2120 2017; x_wconf 85' lang='lat' dir='ltr'><strong>reeopnosoere</strong></span> 
     </span>
     <span class='ocr_line' id='line_1_13' title="bbox 498 2029 2118 2128; baseline -0.014 -9"><span class='ocrx_word' id='word_1_127' title='bbox 498 2055 607 2119; x_wconf 81' lang='lat' dir='ltr'><strong>socios</strong></span> <span class='ocrx_word' id='word_1_128' title='bbox 628 2043 779 2122; x_wconf 68' lang='lat' dir='ltr'><strong>annuales,</strong></span> <span class='ocrx_word' id='word_1_129' title='bbox 804 2035 1063 2128; x_wconf 21' lang='lat' dir='ltr'><strong>dimissisquelsi</strong></span> <span class='ocrx_word' id='word_1_130' title='bbox 1084 2034 1143 2127; x_wconf 76' lang='lat' dir='ltr'><strong>pati</strong></span> <span class='ocrx_word' id='word_1_131' title='bbox 1159 2057 1281 2118; x_wconf 71' lang='lat' dir='ltr'><strong>pronon</strong></span> <span class='ocrx_word' id='word_1_132' title='bbox 1300 2033 1411 2096; x_wconf 84' lang='lat' dir='ltr'><strong>idonei</strong></span> <span class='ocrx_word' id='word_1_133' title='bbox 1424 2041 1544 2110; x_wconf 82' lang='lat' dir='ltr'><strong>essent,</strong></span> <span class='ocrx_word' id='word_1_134' title='bbox 1558 2030 1819 2118; x_wconf 87' lang='lat' dir='ltr'><strong>supplementum</strong></span> <span class='ocrx_word' id='word_1_135' title='bbox 1837 2029 1947 2120; x_wconf 75' lang='lat' dir='ltr'><strong>lepore</strong></span> <span class='ocrx_word' id='word_1_136' title='bbox 1962 2055 2006 2096; x_wconf 77' lang='lat' dir='ltr'><strong>ex</strong></span> <span class='ocrx_word' id='word_1_137' title='bbox 2019 2031 2118 2096; x_wconf 82' lang='lat' dir='ltr'><strong>lider-</strong></span> 
     </span>
     <span class='ocr_line' id='line_1_14' title="bbox 502 2134 2117 2236; baseline -0.017 -11"><span class='ocrx_word' id='word_1_138' title='bbox 502 2161 590 2236; x_wconf 84' lang='lat' dir='ltr'><strong>tinis,</strong></span> <span class='ocrx_word' id='word_1_139' title='bbox 614 2151 750 2219; x_wconf 82' lang='lat' dir='ltr'><strong>et·dore</strong></span> <span class='ocrx_word' id='word_1_140' title='bbox 772 2168 911 2233; x_wconf 87' lang='lat' dir='ltr'><strong>operum</strong></span> <span class='ocrx_word' id='word_1_141' title='bbox 935 2153 996 2206; x_wconf 89' lang='lat' dir='ltr'><strong>etc.</strong></span> <span class='ocrx_word' id='word_1_142' title='bbox 1020 2138 1111 2203; x_wconf 84' lang='lat' dir='ltr'><strong>idem</strong></span> <span class='ocrx_word' id='word_1_143' title='bbox 1132 2135 1211 2200; x_wconf 82' lang='lat' dir='ltr'><strong>miti</strong></span> <span class='ocrx_word' id='word_1_144' title='bbox 1234 2161 1366 2226; x_wconf 72' lang='lat' dir='ltr'><strong>quinque</strong></span> <span class='ocrx_word' id='word_1_145' title='bbox 1389 2135 1423 2198; x_wconf 92' lang='lat' dir='ltr'><strong>in</strong></span> <span class='ocrx_word' id='word_1_146' title='bbox 1446 2134 1636 2222; x_wconf 78' lang='lat' dir='ltr'><strong>opinionem</strong></span> <span class='ocrx_word' id='word_1_147' title='bbox 1661 2145 1803 2198; x_wconf 72' lang='lat' dir='ltr'><strong>venerut.</strong></span> <span class='ocrx_word' id='word_1_148' title='bbox 1830 2170 1868 2180; x_wconf 94' lang='lat'><em>-</em></span> <span class='ocrx_word' id='word_1_149' title='bbox 1893 2157 1964 2198; x_wconf 88' lang='lat' dir='ltr'><strong>sors</strong></span> <span class='ocrx_word' id='word_1_150' title='bbox 1994 2135 2117 2222; x_wconf 79' lang='lat' dir='ltr'><strong>evenit]</strong></span> 
     </span>
     <span class='ocr_line' id='line_1_15' title="bbox 501 2235 2119 2334; baseline -0.017 -6"><span class='ocrx_word' id='word_1_151' title='bbox 501 2261 586 2328; x_wconf 90' lang='lat' dir='ltr'><strong>Cod.</strong></span> <span class='ocrx_word' id='word_1_152' title='bbox 613 2278 688 2322; x_wconf 82' lang='lat' dir='ltr'><strong>sors</strong></span> <span class='ocrx_word' id='word_1_153' title='bbox 711 2251 858 2330; x_wconf 83' lang='lat' dir='ltr'><strong>obuenit,</strong></span> <span class='ocrx_word' id='word_1_154' title='bbox 882 2244 970 2334; x_wconf 85' lang='lat' dir='ltr'><strong>quod</strong></span> <span class='ocrx_word' id='word_1_155' title='bbox 993 2242 1116 2329; x_wconf 84' lang='lat' dir='ltr'><strong>recepi.</strong></span> <span class='ocrx_word' id='word_1_156' title='bbox 1149 2240 1222 2305; x_wconf 82' lang='lat' dir='ltr'><strong>BC.</strong></span> <span class='ocrx_word' id='word_1_157' title='bbox 1248 2241 1291 2304; x_wconf 91' lang='lat' dir='ltr'><strong>B.</strong></span> <span class='ocrx_word' id='word_1_158' title='bbox 1347 2235 1530 2324; x_wconf 87' lang='lat' dir='ltr'><strong>Utrumque</strong></span> <span class='ocrx_word' id='word_1_159' title='bbox 1560 2236 1733 2300; x_wconf 76' lang='lat' dir='ltr'><strong>Lisiomno</strong></span> <span class='ocrx_word' id='word_1_160' title='bbox 1765 2259 1837 2300; x_wconf 89' lang='lat' dir='ltr'><strong>esse</strong></span> <span class='ocrx_word' id='word_1_161' title='bbox 1869 2250 2004 2302; x_wconf 90' lang='lat' dir='ltr'><strong>constat.</strong></span> <span class='ocrx_word' id='word_1_162' title='bbox 2039 2237 2119 2324; x_wconf 73' lang='lat' dir='ltr'><strong>Gry·</strong></span> 
     </span>
    </p>
   </div>
   <div class='ocr_carea' id='block_1_5' title="bbox 501 2344 1193 2436">
    <p class='ocr_par' dir='ltr' id='par_1_5' title="bbox 501 2344 1193 2436">
     <span class='ocr_line' id='line_1_16' title="bbox 501 2344 1193 2436; baseline -0.036 -4"><span class='ocrx_word' id='word_1_163' title='bbox 501 2389 602 2432; x_wconf 90' lang='lat' dir='ltr'><strong>naeus</strong></span> <span class='ocrx_word' id='word_1_164' title='bbox 627 2374 733 2425; x_wconf 72' lang='lat' dir='ltr'><strong>tanuen</strong></span> <span class='ocrx_word' id='word_1_165' title='bbox 756 2351 904 2418; x_wconf 88' lang='lat' dir='ltr'><strong>codicem</strong></span> <span class='ocrx_word' id='word_1_166' title='bbox 926 2347 1021 2436; x_wconf 74' lang='lat' dir='ltr'><strong>sequti</strong></span> <span class='ocrx_word' id='word_1_167' title='bbox 1042 2344 1193 2410; x_wconf 78' lang='lat' dir='ltr'><strong>debehat.</strong></span> 
     </span>
    </p>
   </div>
   <div class='ocr_carea' id='block_1_6' title="bbox 586 2473 2116 2583">
    <p class='ocr_par' dir='ltr' id='par_1_6' title="bbox 586 2473 2116 2583">
     <span class='ocr_line' id='line_1_17' title="bbox 586 2473 2116 2583; baseline -0.013 -23"><span class='ocrx_word' id='word_1_168' title='bbox 586 2498 670 2583; x_wconf 84' lang='lat' dir='ltr'><strong>Cap.</strong></span> <span class='ocrx_word' id='word_1_169' title='bbox 694 2487 846 2556; x_wconf 88' lang='lat' dir='ltr'><strong>XXXll.</strong></span> <span class='ocrx_word' id='word_1_170' title='bbox 871 2477 1155 2571; x_wconf 66' lang='lat' dir='ltr'><strong>oppugnaturum]</strong></span> <span class='ocrx_word' id='word_1_171' title='bbox 1178 2477 1228 2542; x_wconf 78' lang='lat' dir='ltr'><strong>Ex</strong></span> <span class='ocrx_word' id='word_1_172' title='bbox 1252 2476 1421 2542; x_wconf 84' lang='lat' dir='ltr'><strong>verissima</strong></span> <span class='ocrx_word' id='word_1_173' title='bbox 1444 2473 1590 2538; x_wconf 76' lang='lat' dir='ltr'><strong>liubenii</strong></span> <span class='ocrx_word' id='word_1_174' title='bbox 1614 2473 1800 2540; x_wconf 87' lang='lat' dir='ltr'><strong>coniectura</strong></span> <span class='ocrx_word' id='word_1_175' title='bbox 1818 2500 1878 2538; x_wconf 86' lang='lat' dir='ltr'><strong>nos</strong></span> <span class='ocrx_word' id='word_1_176' title='bbox 1894 2499 2026 2564; x_wconf 79' lang='lat' dir='ltr'><strong>quoqne</strong></span> <span class='ocrx_word' id='word_1_177' title='bbox 2043 2501 2116 2542; x_wconf 89' lang='lat' dir='ltr'><strong>cum</strong></span> 
     </span>
    </p>
   </div>
   <div class='ocr_carea' id='block_1_7' title="bbox 499 2575 2118 2784">
    <p class='ocr_par' dir='ltr' id='par_1_7' title="bbox 499 2575 2118 2784">
     <span class='ocr_line' id='line_1_18' title="bbox 502 2575 2116 2680; baseline -0.019 -10"><span class='ocrx_word' id='word_1_178' title='bbox 502 2604 651 2680; x_wconf 83' lang='lat' dir='ltr'><strong>Clerieo,</strong></span> <span class='ocrx_word' id='word_1_179' title='bbox 676 2591 862 2672; x_wconf 73' lang='lat' dir='ltr'><strong>Crevier-io,</strong></span> <span class='ocrx_word' id='word_1_180' title='bbox 885 2585 1098 2652; x_wconf 86' lang='lat' dir='ltr'><strong>Lollemaudo</strong></span> <span class='ocrx_word' id='word_1_181' title='bbox 1118 2596 1150 2648; x_wconf 90' lang='lat' dir='ltr'><strong>ct</strong></span> <span class='ocrx_word' id='word_1_182' title='bbox 1173 2577 1357 2666; x_wconf 75' lang='lat' dir='ltr'><strong>Docriogio</strong></span> <span class='ocrx_word' id='word_1_183' title='bbox 1387 2587 1579 2664; x_wconf 81' lang='lat' dir='ltr'><strong>optaturum</strong></span> <span class='ocrx_word' id='word_1_184' title='bbox 1608 2575 1742 2662; x_wconf 76' lang='lat' dir='ltr'><strong>uulgato</strong></span> <span class='ocrx_word' id='word_1_185' title='bbox 1768 2575 2009 2642; x_wconf 75' lang='lat' dir='ltr'><strong>strhstituimos.</strong></span> <span class='ocrx_word' id='word_1_186' title='bbox 2044 2575 2116 2643; x_wconf 82' lang='lat' dir='ltr'><strong>BC.</strong></span> 
     </span>
     <span class='ocr_line' id='line_1_19' title="bbox 499 2673 2118 2784; baseline -0.014 -18"><span class='ocrx_word' id='word_1_187' title='bbox 499 2712 543 2779; x_wconf 78' lang='lat' dir='ltr'><strong>B.</strong></span> <span class='ocrx_word' id='word_1_188' title='bbox 571 2741 612 2752; x_wconf 91' lang='lat'><em>-</em></span> <span class='ocrx_word' id='word_1_189' title='bbox 633 2723 700 2764; x_wconf 88' lang='lat' dir='ltr'><strong>non</strong></span> <span class='ocrx_word' id='word_1_190' title='bbox 721 2691 801 2784; x_wconf 87' lang='lat' dir='ltr'><strong>quid</strong></span> <span class='ocrx_word' id='word_1_191' title='bbox 824 2690 922 2754; x_wconf 87' lang='lat' dir='ltr'><strong>vellet</strong></span> <span class='ocrx_word' id='word_1_192' title='bbox 942 2690 976 2752; x_wconf 92' lang='lat' dir='ltr'><strong>in</strong></span> <span class='ocrx_word' id='word_1_193' title='bbox 990 2673 1172 2753; x_wconf 60' lang='lat' dir='ltr'><strong>&#39;consolatu</strong></span> <span class='ocrx_word' id='word_1_194' title='bbox 1197 2678 1321 2770; x_wconf 88' lang='lat' dir='ltr'><strong>potius]</strong></span> <span class='ocrx_word' id='word_1_195' title='bbox 1347 2678 1514 2743; x_wconf 77' lang='lat' dir='ltr'><strong>Bckkeros</strong></span> <span class='ocrx_word' id='word_1_196' title='bbox 1536 2678 1685 2744; x_wconf 79' lang='lat' dir='ltr'><strong>voculam</strong></span> <span class='ocrx_word' id='word_1_197' title='bbox 1702 2703 1780 2762; x_wconf 83' lang='lat' dir='ltr'><strong>non,</strong></span> <span class='ocrx_word' id='word_1_198' title='bbox 1799 2692 1832 2743; x_wconf 92' lang='lat' dir='ltr'><strong>ut</strong></span> <span class='ocrx_word' id='word_1_199' title='bbox 1848 2679 2005 2765; x_wconf 90' lang='lat' dir='ltr'><strong>spuriam,</strong></span> <span class='ocrx_word' id='word_1_200' title='bbox 2023 2679 2118 2743; x_wconf 88' lang='lat' dir='ltr'><strong>uncis</strong></span> 
     </span>
    </p>
   </div>
   <div class='ocr_carea' id='block_1_8' title="bbox 500 2783 2119 3603">
    <p class='ocr_par' dir='ltr' id='par_1_8' title="bbox 500 2783 2119 3603">
     <span class='ocr_line' id='line_1_20' title="bbox 501 2783 2117 2881; baseline -0.017 -3"><span class='ocrx_word' id='word_1_201' title='bbox 501 2805 646 2877; x_wconf 82' lang='lat' dir='ltr'><strong>inclusit.</strong></span> <span class='ocrx_word' id='word_1_202' title='bbox 693 2797 760 2864; x_wconf 87' lang='lat' dir='ltr'><strong>Sed</strong></span> <span class='ocrx_word' id='word_1_203' title='bbox 783 2793 990 2881; x_wconf 72' lang='lat' dir='ltr'><strong>suspitionem</strong></span> <span class='ocrx_word' id='word_1_204' title='bbox 1014 2815 1079 2854; x_wconf 92' lang='lat' dir='ltr'><strong>nou</strong></span> <span class='ocrx_word' id='word_1_205' title='bbox 1104 2785 1274 2854; x_wconf 88' lang='lat' dir='ltr'><strong>delendam</strong></span> <span class='ocrx_word' id='word_1_206' title='bbox 1297 2809 1383 2869; x_wconf 86' lang='lat' dir='ltr'><strong>esse,</strong></span> <span class='ocrx_word' id='word_1_207' title='bbox 1407 2785 1705 2853; x_wconf 77' lang='lat' dir='ltr'><strong>Weissenboruius</strong></span> <span class='ocrx_word' id='word_1_208' title='bbox 1726 2785 1832 2850; x_wconf 88' lang='lat' dir='ltr'><strong>Lcett.</strong></span> <span class='ocrx_word' id='word_1_209' title='bbox 1858 2783 1931 2850; x_wconf 84' lang='lat' dir='ltr'><strong>Liv.</strong></span> <span class='ocrx_word' id='word_1_210' title='bbox 1956 2785 2046 2850; x_wconf 83' lang='lat' dir='ltr'><strong>Part.</strong></span> <span class='ocrx_word' id='word_1_211' title='bbox 2070 2785 2117 2850; x_wconf 89' lang='grc'><strong>11.</strong></span> 
     </span>
     <span class='ocr_line' id='line_1_21' title="bbox 501 2889 2118 3000; baseline -0.009 -29"><span class='ocrx_word' id='word_1_212' title='bbox 501 2939 536 3000; x_wconf 83' lang='lat' dir='ltr'><strong>p.</strong></span> <span class='ocrx_word' id='word_1_213' title='bbox 560 2913 592 2975; x_wconf 87' lang='lat'><strong>7.</strong></span> <span class='ocrx_word' id='word_1_214' title='bbox 618 2929 669 2990; x_wconf 83' lang='lat' dir='ltr'><strong>sq.</strong></span> <span class='ocrx_word' id='word_1_215' title='bbox 694 2899 865 2990; x_wconf 84' lang='lat' dir='ltr'><strong>probatum</strong></span> <span class='ocrx_word' id='word_1_216' title='bbox 883 2893 954 2975; x_wconf 79' lang='lat' dir='ltr'><strong>ivit,</strong></span> <span class='ocrx_word' id='word_1_217' title='bbox 972 2904 1141 2978; x_wconf 89' lang='lat' dir='ltr'><strong>totumque</strong></span> <span class='ocrx_word' id='word_1_218' title='bbox 1162 2889 1271 2953; x_wconf 88' lang='lat' dir='ltr'><strong>locum</strong></span> <span class='ocrx_word' id='word_1_219' title='bbox 1290 2897 1377 2950; x_wconf 91' lang='lat' dir='ltr'><strong>reete</strong></span> <span class='ocrx_word' id='word_1_220' title='bbox 1398 2889 1585 2974; x_wconf 81' lang='lat' dir='ltr'><strong>explicavit.</strong></span> <span class='ocrx_word' id='word_1_221' title='bbox 1603 2927 1645 2938; x_wconf 93' lang='lat'><strong>-—</strong></span> <span class='ocrx_word' id='word_1_222' title='bbox 1662 2889 1819 2955; x_wconf 74' lang='lat' dir='ltr'><strong>Deiectus</strong></span> <span class='ocrx_word' id='word_1_223' title='bbox 1841 2889 1994 2955; x_wconf 87' lang='lat' dir='ltr'><strong>consules</strong></span> <span class='ocrx_word' id='word_1_224' title='bbox 2017 2890 2118 2956; x_wconf 90' lang='lat' dir='ltr'><strong>multo</strong></span> 
     </span>
     <span class='ocr_line' id='line_1_22' title="bbox 502 2987 2119 3088; baseline -0.014 -8"><span class='ocrx_word' id='word_1_225' title='bbox 502 3010 723 3082; x_wconf 85' lang='lat' dir='ltr'><strong>intentiorem,</strong></span> <span class='ocrx_word' id='word_1_226' title='bbox 742 3023 839 3088; x_wconf 87' lang='lat' dir='ltr'><strong>quom</strong></span> <span class='ocrx_word' id='word_1_227' title='bbox 858 2995 950 3078; x_wconf 81' lang='lat' dir='ltr'><strong>alias,</strong></span> <span class='ocrx_word' id='word_1_228' title='bbox 975 3018 1085 3058; x_wconf 77' lang='lat' dir='ltr'><strong>eurem</strong></span> <span class='ocrx_word' id='word_1_229' title='bbox 1100 2987 1277 3073; x_wconf 83' lang='lat' dir='ltr'><strong>habebant]</strong></span> <span class='ocrx_word' id='word_1_230' title='bbox 1296 2988 1380 3052; x_wconf 83' lang='lat' dir='ltr'><strong>Cod.</strong></span> <span class='ocrx_word' id='word_1_231' title='bbox 1399 2991 1565 3074; x_wconf 83' lang='lat' dir='ltr'><strong>dilectum,</strong></span> <span class='ocrx_word' id='word_1_232' title='bbox 1582 3005 1617 3056; x_wconf 90' lang='lat' dir='ltr'><strong>ut</strong></span> <span class='ocrx_word' id='word_1_233' title='bbox 1632 2989 1724 3074; x_wconf 80' lang='lat' dir='ltr'><strong>olibi,</strong></span> <span class='ocrx_word' id='word_1_234' title='bbox 1741 3016 1802 3079; x_wconf 93' lang='lat' dir='ltr'><strong>pro</strong></span> <span class='ocrx_word' id='word_1_235' title='bbox 1818 2993 1990 3056; x_wconf 74' lang='lat' dir='ltr'><strong>etelectnm.</strong></span> <span class='ocrx_word' id='word_1_236' title='bbox 2032 2993 2119 3058; x_wconf 86' lang='lat' dir='ltr'><strong>Vide</strong></span> 
     </span>
     <span class='ocr_line' id='line_1_23' title="bbox 502 3093 2119 3207; baseline -0.014 -26"><span class='ocrx_word' id='word_1_237' title='bbox 502 3119 623 3207; x_wconf 71' lang='lat' dir='ltr'><strong>igitur,</strong></span> <span class='ocrx_word' id='word_1_238' title='bbox 647 3132 725 3173; x_wconf 88' lang='lat' dir='ltr'><strong>num</strong></span> <span class='ocrx_word' id='word_1_239' title='bbox 749 3097 959 3168; x_wconf 86' lang='lat' dir='ltr'><strong>scribendum</strong></span> <span class='ocrx_word' id='word_1_240' title='bbox 984 3097 1044 3161; x_wconf 74' lang='lat' dir='ltr'><strong>sits</strong></span> <span class='ocrx_word' id='word_1_241' title='bbox 1068 3095 1245 3160; x_wconf 83' lang='lat' dir='ltr'><strong>Deiectum</strong></span> <span class='ocrx_word' id='word_1_242' title='bbox 1265 3093 1416 3160; x_wconf 85' lang='lat' dir='ltr'><strong>eonsules</strong></span> <span class='ocrx_word' id='word_1_243' title='bbox 1440 3097 1544 3160; x_wconf 71' lang='lat' dir='ltr'><strong>ninello</strong></span> <span class='ocrx_word' id='word_1_244' title='bbox 1571 3098 1759 3175; x_wconf 84' lang='lat' dir='ltr'><strong>intentiore,</strong></span> <span class='ocrx_word' id='word_1_245' title='bbox 1782 3119 1882 3190; x_wconf 75' lang='lat' dir='ltr'><strong>prtum</strong></span> <span class='ocrx_word' id='word_1_246' title='bbox 1906 3095 2011 3174; x_wconf 80' lang='lat' dir='ltr'><strong>ulios,</strong></span> <span class='ocrx_word' id='word_1_247' title='bbox 2037 3119 2119 3160; x_wconf 73' lang='lat' dir='ltr'><strong>estro</strong></span> 
     </span>
     <span class='ocr_line' id='line_1_24' title="bbox 500 3198 2117 3292; baseline -0.013 -7"><span class='ocrx_word' id='word_1_248' title='bbox 500 3218 682 3290; x_wconf 71' lang='lat' dir='ltr'><strong>liniebant.</strong></span> <span class='ocrx_word' id='word_1_249' title='bbox 707 3203 782 3272; x_wconf 77' lang='lat' dir='ltr'><strong>Ltv.</strong></span> <span class='ocrx_word' id='word_1_250' title='bbox 805 3203 852 3285; x_wconf 90' lang='lat' dir='ltr'><strong>V,</strong></span> <span class='ocrx_word' id='word_1_251' title='bbox 875 3201 907 3266; x_wconf 87' lang='grc'><strong>7.</strong></span> <span class='ocrx_word' id='word_1_252' title='bbox 931 3201 986 3266; x_wconf 81' lang='lat' dir='ltr'><strong>At</strong></span> <span class='ocrx_word' id='word_1_253' title='bbox 1006 3201 1088 3266; x_wconf 76' lang='lat' dir='ltr'><strong>urbe</strong></span> <span class='ocrx_word' id='word_1_254' title='bbox 1102 3210 1303 3264; x_wconf 75' lang='lat' dir='ltr'><strong>cornoneutns</strong></span> <span class='ocrx_word' id='word_1_255' title='bbox 1318 3199 1509 3281; x_wconf 79' lang='lat' dir='ltr'><strong>intentiore,</strong></span> <span class='ocrx_word' id='word_1_256' title='bbox 1526 3223 1626 3292; x_wconf 81' lang='lat' dir='ltr'><strong>quum</strong></span> <span class='ocrx_word' id='word_1_257' title='bbox 1644 3211 1756 3279; x_wconf 82' lang='lat' dir='ltr'><strong>anteo,</strong></span> <span class='ocrx_word' id='word_1_258' title='bbox 1771 3199 1911 3264; x_wconf 77' lang='lat' dir='ltr'><strong>serbveln&#39;</strong></span> <span class='ocrx_word' id='word_1_259' title='bbox 1927 3223 2019 3264; x_wconf 86' lang='lat' dir='ltr'><strong>euro.</strong></span> <span class='ocrx_word' id='word_1_260' title='bbox 2050 3198 2117 3264; x_wconf 89' lang='lat' dir='ltr'><strong>Sed</strong></span> 
     </span>
     <span class='ocr_line' id='line_1_25' title="bbox 502 3301 2119 3408; baseline -0.013 -19"><span class='ocrx_word' id='word_1_261' title='bbox 502 3324 670 3408; x_wconf 69' lang='lat' dir='ltr'><strong>vulpinum</strong></span> <span class='ocrx_word' id='word_1_262' title='bbox 690 3333 836 3400; x_wconf 78' lang='lat' dir='ltr'><strong>quotpae,</strong></span> <span class='ocrx_word' id='word_1_263' title='bbox 857 3331 956 3394; x_wconf 71' lang='lat' dir='ltr'><strong>cponm</strong></span> <span class='ocrx_word' id='word_1_264' title='bbox 977 3303 1129 3372; x_wconf 87' lang='lat' dir='ltr'><strong>librarius</strong></span> <span class='ocrx_word' id='word_1_265' title='bbox 1153 3303 1184 3368; x_wconf 92' lang='lat' dir='ltr'><strong>in</strong></span> <span class='ocrx_word' id='word_1_266' title='bbox 1211 3311 1379 3390; x_wconf 87' lang='lat' dir='ltr'><strong>utramque</strong></span> <span class='ocrx_word' id='word_1_267' title='bbox 1406 3315 1530 3389; x_wconf 75' lang='lat' dir='ltr'><strong>pmtem</strong></span> <span class='ocrx_word' id='word_1_268' title='bbox 1551 3303 1747 3388; x_wconf 88' lang='lat' dir='ltr'><strong>saepissime</strong></span> <span class='ocrx_word' id='word_1_269' title='bbox 1766 3301 1963 3388; x_wconf 68' lang='lat' dir='ltr'><strong>peremerit,</strong></span> <span class='ocrx_word' id='word_1_270' title='bbox 1985 3301 2119 3368; x_wconf 76' lang='lat' dir='ltr'><strong>defendi</strong></span> 
     </span>
     <span class='ocr_line' id='line_1_26' title="bbox 503 3409 2118 3520; baseline -0.011 -28"><span class='ocrx_word' id='word_1_271' title='bbox 503 3437 624 3520; x_wconf 89' lang='lat' dir='ltr'><strong>potest.</strong></span> <span class='ocrx_word' id='word_1_272' title='bbox 650 3417 724 3484; x_wconf 83' lang='lat' dir='ltr'><strong>Liv.</strong></span> <span class='ocrx_word' id='word_1_273' title='bbox 748 3409 900 3494; x_wconf 88' lang='lat' dir='ltr'><strong>XXXll,</strong></span> <span class='ocrx_word' id='word_1_274' title='bbox 924 3409 978 3472; x_wconf 74' lang='lat' dir='ltr'><strong>tu.</strong></span> <span class='ocrx_word' id='word_1_275' title='bbox 1002 3421 1032 3473; x_wconf 88' lang='lat' dir='ltr'><strong>et</strong></span> <span class='ocrx_word' id='word_1_276' title='bbox 1055 3409 1222 3472; x_wconf 83' lang='lat' dir='ltr'><strong>triumviri</strong></span> <span class='ocrx_word' id='word_1_277' title='bbox 1242 3411 1398 3510; x_wconf 79' lang='lat' dir='ltr'><strong>¹carueris</strong></span> <span class='ocrx_word' id='word_1_278' title='bbox 1426 3412 1667 3475; x_wconf 86' lang='lat' dir='ltr'><strong>lontnmiornm</strong></span> <span class='ocrx_word' id='word_1_279' title='bbox 1693 3413 1904 3478; x_wconf 78' lang='lat' dir='ltr'><strong>intentiorem</strong></span> <span class='ocrx_word' id='word_1_280' title='bbox 1933 3411 2118 3476; x_wconf 84' lang='lat' dir='ltr'><strong>custodium</strong></span> 
     </span>
     <span class='ocr_line' id='line_1_27' title="bbox 503 3502 2116 3603; baseline -0.011 -8"><span class='ocrx_word' id='word_1_281' title='bbox 503 3535 628 3600; x_wconf 73' lang='lat' dir='ltr'><strong>loedere</strong></span> <span class='ocrx_word' id='word_1_282' title='bbox 659 3525 761 3603; x_wconf 84' lang='lat' dir='ltr'><strong>iussi,</strong></span> <span class='ocrx_word' id='word_1_283' title='bbox 793 3519 832 3582; x_wconf 90' lang='lat' dir='ltr'><strong>de</strong></span> <span class='ocrx_word' id='word_1_284' title='bbox 862 3540 927 3603; x_wconf 83' lang='lat' dir='ltr'><strong>quo</strong></span> <span class='ocrx_word' id='word_1_285' title='bbox 962 3515 1036 3578; x_wconf 91' lang='lat' dir='ltr'><strong>loco</strong></span> <span class='ocrx_word' id='word_1_286' title='bbox 1071 3511 1116 3577; x_wconf 83' lang='lat' dir='ltr'><strong>el.</strong></span> <span class='ocrx_word' id='word_1_287' title='bbox 1150 3509 1288 3576; x_wconf 80' lang='lat' dir='ltr'><strong>Beckeri</strong></span> <span class='ocrx_word' id='word_1_288' title='bbox 1318 3502 1510 3582; x_wconf 76' lang='lat' dir='ltr'><strong>lloasdbnelt</strong></span> <span class='ocrx_word' id='word_1_289' title='bbox 1549 3513 1608 3578; x_wconf 84' lang='lat' dir='ltr'><strong>der</strong></span> <span class='ocrx_word' id='word_1_290' title='bbox 1637 3515 1837 3580; x_wconf 73' lang='lat' dir='ltr'><strong>Rimisclren</strong></span> <span class='ocrx_word' id='word_1_291' title='bbox 1869 3513 2116 3601; x_wconf 79' lang='lat' dir='ltr'><strong>Altertlnimer,</strong></span> 
     </span>
    </p>
   </div>
   <div class='ocr_carea' id='block_1_9' title="bbox 503 3623 798 3716">
    <p class='ocr_par' dir='ltr' id='par_1_9' title="bbox 503 3623 798 3716">
     <span class='ocr_line' id='line_1_28' title="bbox 503 3623 798 3716; baseline -0.058 -14"><span class='ocrx_word' id='word_1_292' title='bbox 503 3638 594 3701; x_wconf 81' lang='lat' dir='ltr'><strong>Part.</strong></span> <span class='ocrx_word' id='word_1_293' title='bbox 619 3632 646 3695; x_wconf 95' lang='grc' dir='ltr'><strong>Ι.</strong></span> <span class='ocrx_word' id='word_1_294' title='bbox 668 3654 701 3716; x_wconf 92' lang='lat' dir='ltr'><strong>p.</strong></span> <span class='ocrx_word' id='word_1_295' title='bbox 723 3623 798 3688; x_wconf 78' lang='grc'><strong>2115.</strong></span> 
     </span>
    </p>
   </div>
   <div class='ocr_carea' id='block_1_10' title="bbox 500 3749 2202 4778">
    <p class='ocr_par' dir='ltr' id='par_1_10' title="bbox 500 3749 2202 4778">
     <span class='ocr_line' id='line_1_29' title="bbox 587 3749 2118 3854; baseline -0.018 -21"><span class='ocrx_word' id='word_1_296' title='bbox 587 3769 670 3854; x_wconf 81' lang='lat' dir='ltr'><strong>Cap.</strong></span> <span class='ocrx_word' id='word_1_297' title='bbox 697 3757 867 3827; x_wconf 88' lang='lat' dir='ltr'><strong>XXXlll.</strong></span> <span class='ocrx_word' id='word_1_298' title='bbox 889 3779 928 3821; x_wconf 90' lang='lat' dir='ltr'><strong>eo</strong></span> <span class='ocrx_word' id='word_1_299' title='bbox 952 3751 1000 3818; x_wconf 83' lang='grc' dir='ltr'><strong>Μ.</strong></span> <span class='ocrx_word' id='word_1_300' title='bbox 1025 3751 1189 3838; x_wconf 83' lang='lat' dir='ltr'><strong>Popillius</strong></span> <span class='ocrx_word' id='word_1_301' title='bbox 1213 3749 1415 3832; x_wconf 86' lang='lat' dir='ltr'><strong>consularis,</strong></span> <span class='ocrx_word' id='word_1_302' title='bbox 1448 3751 1648 3832; x_wconf 74' lang='lat' dir='ltr'><strong>advocatos,</strong></span> <span class='ocrx_word' id='word_1_303' title='bbox 1678 3751 1907 3834; x_wconf 78' lang='lat' dir='ltr'><strong>centuriones,</strong></span> <span class='ocrx_word' id='word_1_304' title='bbox 1938 3767 1970 3818; x_wconf 81' lang='lat' dir='ltr'><strong>et</strong></span> <span class='ocrx_word' id='word_1_305' title='bbox 2001 3755 2118 3822; x_wconf 61' lang='lat' dir='ltr'><strong>consul</strong></span> 
     </span>
     <span class='ocr_line' id='line_1_30' title="bbox 501 3852 2202 3954; baseline -0.034 -7"><span class='ocrx_word' id='word_1_306' title='bbox 501 3872 676 3954; x_wconf 81' lang='lat' dir='ltr'><strong>venerunt]</strong></span> <span class='ocrx_word' id='word_1_307' title='bbox 699 3863 870 3932; x_wconf 85' lang='lat' dir='ltr'><strong>locobsius</strong></span> <span class='ocrx_word' id='word_1_308' title='bbox 893 3861 925 3926; x_wconf 89' lang='lat' dir='ltr'><strong>in</strong></span> <span class='ocrx_word' id='word_1_309' title='bbox 948 3857 1047 3924; x_wconf 84' lang='lat' dir='ltr'><strong>Notis</strong></span> <span class='ocrx_word' id='word_1_310' title='bbox 1071 3858 1106 3921; x_wconf 90' lang='lat' dir='ltr'><strong>io</strong></span> <span class='ocrx_word' id='word_1_311' title='bbox 1127 3854 1216 3921; x_wconf 81' lang='lat' dir='ltr'><strong>Livii</strong></span> <span class='ocrx_word' id='word_1_312' title='bbox 1241 3852 1314 3918; x_wconf 80' lang='lat' dir='ltr'><strong>Lib.</strong></span> <span class='ocrx_word' id='word_1_313' title='bbox 1338 3852 1508 3920; x_wconf 89' lang='lat' dir='ltr'><strong>XXXlll.</strong></span> <span class='ocrx_word' id='word_1_314' title='bbox 1534 3879 1568 3942; x_wconf 93' lang='lat' dir='ltr'><strong>p.</strong></span> <span class='ocrx_word' id='word_1_315' title='bbox 1593 3853 1667 3918; x_wconf 76' lang='lat' dir='ltr'><strong>tou.</strong></span> <span class='ocrx_word' id='word_1_316' title='bbox 1694 3854 1838 3918; x_wconf 84' lang='lat' dir='ltr'><strong>seribere</strong></span> <span class='ocrx_word' id='word_1_317' title='bbox 1862 3855 1992 3920; x_wconf 83' lang='lat' dir='ltr'><strong>maluit=</strong></span> <span class='ocrx_word' id='word_1_318' title='bbox 2019 3857 2118 3922; x_wconf 80' lang='lat' dir='ltr'><strong>advo·</strong></span> <span class='ocrx_word' id='word_1_319' title='bbox 2194 3875 2202 3890; x_wconf 86' lang='lat'><strong>.</strong></span> 
     </span>
     <span class='ocr_line' id='line_1_31' title="bbox 500 3952 2117 4050; baseline -0.017 -1"><span class='ocrx_word' id='word_1_320' title='bbox 500 3991 595 4049; x_wconf 74' lang='lat' dir='ltr'><strong>eatsts&#39;</strong></span> <span class='ocrx_word' id='word_1_321' title='bbox 618 3973 867 4050; x_wconf 74' lang='lat' dir='ltr'><strong>centurionum,</strong></span> <span class='ocrx_word' id='word_1_322' title='bbox 891 3966 1101 4032; x_wconf 83' lang='lat' dir='ltr'><strong>centuriones</strong></span> <span class='ocrx_word' id='word_1_323' title='bbox 1124 3973 1156 4028; x_wconf 92' lang='lat' dir='ltr'><strong>et</strong></span> <span class='ocrx_word' id='word_1_324' title='bbox 1178 3958 1305 4026; x_wconf 84' lang='lat' dir='ltr'><strong>consul.</strong></span> <span class='ocrx_word' id='word_1_325' title='bbox 1345 3952 1502 4040; x_wconf 79' lang='lat' dir='ltr'><strong>Rectius,</strong></span> <span class='ocrx_word' id='word_1_326' title='bbox 1525 3971 1562 4022; x_wconf 90' lang='lat' dir='ltr'><strong>ot</strong></span> <span class='ocrx_word' id='word_1_327' title='bbox 1584 3982 1654 4024; x_wconf 81' lang='lat' dir='ltr'><strong>meo</strong></span> <span class='ocrx_word' id='word_1_328' title='bbox 1677 3958 1739 4022; x_wconf 82' lang='lat' dir='ltr'><strong>fert</strong></span> <span class='ocrx_word' id='word_1_329' title='bbox 1760 3958 1898 4046; x_wconf 84' lang='lat' dir='ltr'><strong>opinio,</strong></span> <span class='ocrx_word' id='word_1_330' title='bbox 1923 3959 2117 4031; x_wconf 76' lang='lat' dir='ltr'><strong>vocabulum</strong></span> 
     </span>
     <span class='ocr_line' id='line_1_32' title="bbox 503 4055 2117 4154; baseline -0.02 0"><span class='ocrx_word' id='word_1_331' title='bbox 503 4089 686 4154; x_wconf 80' lang='lat' dir='ltr'><strong>advocatus</strong></span> <span class='ocrx_word' id='word_1_332' title='bbox 709 4077 742 4139; x_wconf 93' lang='lat' dir='ltr'><strong>in</strong></span> <span class='ocrx_word' id='word_1_333' title='bbox 766 4071 865 4137; x_wconf 79' lang='lat' dir='ltr'><strong>altera</strong></span> <span class='ocrx_word' id='word_1_334' title='bbox 888 4066 977 4133; x_wconf 84' lang='lat' dir='ltr'><strong>Livii</strong></span> <span class='ocrx_word' id='word_1_335' title='bbox 1000 4064 1143 4128; x_wconf 88' lang='lat' dir='ltr'><strong>editione</strong></span> <span class='ocrx_word' id='word_1_336' title='bbox 1171 4063 1211 4126; x_wconf 86' lang='lat' dir='ltr'><strong>de</strong></span> <span class='ocrx_word' id='word_1_337' title='bbox 1242 4060 1348 4126; x_wconf 90' lang='lat' dir='ltr'><strong>medio</strong></span> <span class='ocrx_word' id='word_1_338' title='bbox 1371 4061 1505 4126; x_wconf 83' lang='lat' dir='ltr'><strong>sustuli.</strong></span> <span class='ocrx_word' id='word_1_339' title='bbox 1529 4061 1701 4126; x_wconf 79' lang='lat' dir='ltr'><strong>Librarius</strong></span> <span class='ocrx_word' id='word_1_340' title='bbox 1726 4061 1813 4126; x_wconf 87' lang='lat' dir='ltr'><strong>enim</strong></span> <span class='ocrx_word' id='word_1_341' title='bbox 1836 4085 1853 4125; x_wconf 83' lang='lat' dir='ltr'><strong>n</strong></span> <span class='ocrx_word' id='word_1_342' title='bbox 1878 4061 2007 4126; x_wconf 69' lang='lat' dir='ltr'><strong>verbine</strong></span> <span class='ocrx_word' id='word_1_343' title='bbox 2024 4055 2117 4153; x_wconf 74' lang='lat' dir='ltr'><strong>pepi.</strong></span> 
     </span>
     <span class='ocr_line' id='line_1_33' title="bbox 504 4160 2118 4260; baseline -0.03 4"><span class='ocrx_word' id='word_1_344' title='bbox 504 4191 567 4256; x_wconf 64' lang='lat' dir='ltr'><strong>llus</strong></span> <span class='ocrx_word' id='word_1_345' title='bbox 589 4181 775 4250; x_wconf 66' lang='lat' dir='ltr'><strong>cvnsulssrt&#39;s</strong></span> <span class='ocrx_word' id='word_1_346' title='bbox 798 4173 840 4239; x_wconf 66' lang='lat' dir='ltr'><strong>td</strong></span> <span class='ocrx_word' id='word_1_347' title='bbox 862 4169 1057 4260; x_wconf 63' lang='lat' dir='ltr'><strong>sequentlut</strong></span> <span class='ocrx_word' id='word_1_348' title='bbox 1079 4165 1222 4256; x_wconf 83' lang='lat' dir='ltr'><strong>populns</strong></span> <span class='ocrx_word' id='word_1_349' title='bbox 1245 4165 1487 4229; x_wconf 85' lang='lat' dir='ltr'><strong>incentionem</strong></span> <span class='ocrx_word' id='word_1_350' title='bbox 1511 4164 1709 4242; x_wconf 76' lang='lat' dir='ltr'><strong>aduocatos,</strong></span> <span class='ocrx_word' id='word_1_351' title='bbox 1732 4184 1816 4250; x_wconf 87' lang='lat' dir='ltr'><strong>quae</strong></span> <span class='ocrx_word' id='word_1_352' title='bbox 1838 4160 1903 4224; x_wconf 87' lang='lat' dir='ltr'><strong>illis</strong></span> <span class='ocrx_word' id='word_1_353' title='bbox 1927 4175 2003 4227; x_wconf 89' lang='lat' dir='ltr'><strong>sunt</strong></span> <span class='ocrx_word' id='word_1_354' title='bbox 2017 4165 2118 4232; x_wconf 88' lang='lat' dir='ltr'><strong>simil.</strong></span> 
     </span>
     <span class='ocr_line' id='line_1_34' title="bbox 501 4263 2117 4378; baseline -0.015 -20"><span class='ocrx_word' id='word_1_355' title='bbox 501 4293 593 4378; x_wconf 87' lang='lat' dir='ltr'><strong>lima,</strong></span> <span class='ocrx_word' id='word_1_356' title='bbox 619 4283 715 4352; x_wconf 78' lang='lat' dir='ltr'><strong>facile</strong></span> <span class='ocrx_word' id='word_1_357' title='bbox 737 4279 846 4368; x_wconf 91' lang='lat' dir='ltr'><strong>potuit</strong></span> <span class='ocrx_word' id='word_1_358' title='bbox 869 4277 1031 4343; x_wconf 83' lang='lat' dir='ltr'><strong>aberrare.</strong></span> <span class='ocrx_word' id='word_1_359' title='bbox 1057 4309 1098 4323; x_wconf 90' lang='lat'><em>-</em></span> <span class='ocrx_word' id='word_1_360' title='bbox 1120 4271 1267 4336; x_wconf 85' lang='lat' dir='ltr'><strong>Consule</strong></span> <span class='ocrx_word' id='word_1_361' title='bbox 1288 4265 1364 4331; x_wconf 91' lang='lat' dir='ltr'><strong>inde</strong></span> <span class='ocrx_word' id='word_1_362' title='bbox 1388 4264 1586 4354; x_wconf 79' lang='lat' dir='ltr'><strong>postulanti]</strong></span> <span class='ocrx_word' id='word_1_363' title='bbox 1609 4263 1694 4329; x_wconf 91' lang='lat' dir='ltr'><strong>Cod.</strong></span> <span class='ocrx_word' id='word_1_364' title='bbox 1721 4287 1786 4331; x_wconf 86' lang='lat' dir='ltr'><strong>cos.</strong></span> <span class='ocrx_word' id='word_1_365' title='bbox 1807 4265 1886 4330; x_wconf 80' lang='lat' dir='ltr'><strong>inde</strong></span> <span class='ocrx_word' id='word_1_366' title='bbox 1902 4269 2117 4354; x_wconf 76' lang='lat' dir='ltr'><strong>postulantis,</strong></span> 
     </span>
     <span class='ocr_line' id='line_1_35' title="bbox 501 4369 2115 4468; baseline -0.02 -6"><span class='ocrx_word' id='word_1_367' title='bbox 501 4393 604 4462; x_wconf 78' lang='lat' dir='ltr'><strong>Frob.</strong></span> <span class='ocrx_word' id='word_1_368' title='bbox 633 4389 662 4454; x_wconf 91' lang='grc'><strong>1.</strong></span> <span class='ocrx_word' id='word_1_369' title='bbox 689 4383 765 4452; x_wconf 86' lang='lat' dir='ltr'><strong>Cos.</strong></span> <span class='ocrx_word' id='word_1_370' title='bbox 791 4383 867 4447; x_wconf 86' lang='lat' dir='ltr'><strong>inde</strong></span> <span class='ocrx_word' id='word_1_371' title='bbox 887 4379 1082 4468; x_wconf 81' lang='lat' dir='ltr'><strong>postulanti.</strong></span> <span class='ocrx_word' id='word_1_372' title='bbox 1109 4374 1146 4440; x_wconf 90' lang='lat' dir='ltr'><strong>ln</strong></span> <span class='ocrx_word' id='word_1_373' title='bbox 1171 4372 1285 4438; x_wconf 86' lang='lat' dir='ltr'><strong>codiee</strong></span> <span class='ocrx_word' id='word_1_374' title='bbox 1309 4393 1373 4433; x_wconf 92' lang='lat' dir='ltr'><strong>non</strong></span> <span class='ocrx_word' id='word_1_375' title='bbox 1398 4369 1538 4452; x_wconf 78' lang='lat' dir='ltr'><strong>eoresuli,</strong></span> <span class='ocrx_word' id='word_1_376' title='bbox 1563 4369 1652 4457; x_wconf 81' lang='lat' dir='ltr'><strong>qood</strong></span> <span class='ocrx_word' id='word_1_377' title='bbox 1673 4369 1832 4456; x_wconf 82' lang='lat' dir='ltr'><strong>Sigonius</strong></span> <span class='ocrx_word' id='word_1_378' title='bbox 1855 4369 1959 4450; x_wconf 85' lang='lat' dir='ltr'><strong>dedit,</strong></span> <span class='ocrx_word' id='word_1_379' title='bbox 1976 4371 2034 4435; x_wconf 83' lang='lat' dir='ltr'><strong>sed</strong></span> <span class='ocrx_word' id='word_1_380' title='bbox 2049 4395 2115 4438; x_wconf 75' lang='lat' dir='ltr'><strong>eos.</strong></span> 
     </span>
     <span class='ocr_line' id='line_1_36' title="bbox 502 4470 2118 4588; baseline -0.017 -24"><span class='ocrx_word' id='word_1_381' title='bbox 502 4490 653 4588; x_wconf 86' lang='lat' dir='ltr'><strong>reperiri,</strong></span> <span class='ocrx_word' id='word_1_382' title='bbox 670 4486 861 4576; x_wconf 83' lang='lat' dir='ltr'><strong>liopitarius</strong></span> <span class='ocrx_word' id='word_1_383' title='bbox 876 4508 935 4574; x_wconf 88' lang='lat' dir='ltr'><strong>per</strong></span> <span class='ocrx_word' id='word_1_384' title='bbox 950 4481 1062 4548; x_wconf 89' lang='lat' dir='ltr'><strong>literas</strong></span> <span class='ocrx_word' id='word_1_385' title='bbox 1081 4502 1131 4544; x_wconf 86' lang='lat' dir='ltr'><strong>me</strong></span> <span class='ocrx_word' id='word_1_386' title='bbox 1148 4475 1269 4541; x_wconf 88' lang='lat' dir='ltr'><strong>docuit.</strong></span> <span class='ocrx_word' id='word_1_387' title='bbox 1294 4471 1474 4558; x_wconf 75' lang='lat' dir='ltr'><strong>vulgatum</strong></span> <span class='ocrx_word' id='word_1_388' title='bbox 1490 4487 1596 4536; x_wconf 84' lang='lat' dir='ltr'><strong>antem</strong></span> <span class='ocrx_word' id='word_1_389' title='bbox 1614 4472 1647 4534; x_wconf 87' lang='lat' dir='ltr'><strong>io</strong></span> <span class='ocrx_word' id='word_1_390' title='bbox 1668 4470 1763 4536; x_wconf 82' lang='lat' dir='ltr'><strong>Livio</strong></span> <span class='ocrx_word' id='word_1_391' title='bbox 1776 4495 1841 4536; x_wconf 77' lang='lat' dir='ltr'><strong>arao</strong></span> <span class='ocrx_word' id='word_1_392' title='bbox 1858 4471 2027 4538; x_wconf 75' lang='lat' dir='ltr'><strong>fereadum</strong></span> <span class='ocrx_word' id='word_1_393' title='bbox 2044 4497 2118 4541; x_wconf 87' lang='lat' dir='ltr'><strong>csse</strong></span> 
     </span>
     <span class='ocr_line' id='line_1_37' title="bbox 503 4573 2120 4671; baseline -0.017 -3"><span class='ocrx_word' id='word_1_394' title='bbox 503 4612 593 4668; x_wconf 84' lang='lat' dir='ltr'><strong>ratus</strong></span> <span class='ocrx_word' id='word_1_395' title='bbox 611 4595 643 4661; x_wconf 95' lang='lat' dir='ltr'><strong>in</strong></span> <span class='ocrx_word' id='word_1_396' title='bbox 658 4593 802 4657; x_wconf 88' lang='lat' dir='ltr'><strong>editione</strong></span> <span class='ocrx_word' id='word_1_397' title='bbox 819 4589 945 4654; x_wconf 87' lang='lat' dir='ltr'><strong>minore</strong></span> <span class='ocrx_word' id='word_1_398' title='bbox 961 4583 1099 4671; x_wconf 80' lang='lat' dir='ltr'><strong>scripsi:</strong></span> <span class='ocrx_word' id='word_1_399' title='bbox 1123 4581 1268 4650; x_wconf 74' lang='lat' dir='ltr'><strong>Corterate</strong></span> <span class='ocrx_word' id='word_1_400' title='bbox 1283 4577 1361 4642; x_wconf 84' lang='lat' dir='ltr'><strong>inde</strong></span> <span class='ocrx_word' id='word_1_401' title='bbox 1375 4576 1577 4663; x_wconf 81' lang='lat' dir='ltr'><strong>postulante.</strong></span> <span class='ocrx_word' id='word_1_402' title='bbox 1602 4574 1683 4640; x_wconf 89' lang='lat' dir='ltr'><strong>Vid.</strong></span> <span class='ocrx_word' id='word_1_403' title='bbox 1702 4597 1786 4664; x_wconf 67' lang='lat' dir='ltr'><strong>elnae</strong></span> <span class='ocrx_word' id='word_1_404' title='bbox 1806 4573 2120 4660; x_wconf 69' lang='lat' dir='ltr'><strong>Semperne-Cra·</strong></span> 
     </span>
     <span class='ocr_line' id='line_1_38' title="bbox 503 4675 2118 4778; baseline -0.023 -8"><span class='ocrx_word' id='word_1_405' title='bbox 503 4701 627 4772; x_wconf 84' lang='lat' dir='ltr'><strong>eiusad</strong></span> <span class='ocrx_word' id='word_1_406' title='bbox 642 4695 676 4761; x_wconf 77' lang='lat' dir='ltr'><strong>ln.</strong></span> <span class='ocrx_word' id='word_1_407' title='bbox 697 4695 720 4760; x_wconf 95' lang='grc'><strong>1.</strong></span> <span class='ocrx_word' id='word_1_408' title='bbox 737 4693 915 4758; x_wconf 83' lang='lat' dir='ltr'><strong>annotavit.</strong></span> <span class='ocrx_word' id='word_1_409' title='bbox 933 4727 971 4742; x_wconf 90' lang='lat'>-</span> <span class='ocrx_word' id='word_1_410' title='bbox 991 4687 1146 4778; x_wconf 84' lang='lat' dir='ltr'><strong>primum,</strong></span> <span class='ocrx_word' id='word_1_411' title='bbox 1158 4681 1248 4775; x_wconf 72' lang='lat' dir='ltr'><strong>quood</strong></span> <span class='ocrx_word' id='word_1_412' title='bbox 1262 4680 1385 4747; x_wconf 81' lang='lat' dir='ltr'><strong>bellum</strong></span> <span class='ocrx_word' id='word_1_413' title='bbox 1402 4689 1535 4743; x_wconf 76' lang='lat' dir='ltr'><strong>senatus</strong></span> <span class='ocrx_word' id='word_1_414' title='bbox 1551 4678 1674 4743; x_wconf 82' lang='lat' dir='ltr'><strong>Persea</strong></span> <span class='ocrx_word' id='word_1_415' title='bbox 1691 4677 1863 4744; x_wconf 74' lang='lat' dir='ltr'><strong>iussissets</strong></span> <span class='ocrx_word' id='word_1_416' title='bbox 1878 4675 2010 4757; x_wconf 85' lang='lat' dir='ltr'><strong>deinde,</strong></span> <span class='ocrx_word' id='word_1_417' title='bbox 2027 4683 2118 4768; x_wconf 68' lang='lat' dir='ltr'><strong>quod</strong></span> 
     </span>
    </p>
   </div>
   <div class='ocr_carea' id='block_1_11' title="bbox 503 4783 2116 4884">
    <p class='ocr_par' dir='ltr' id='par_1_11' title="bbox 503 4783 2116 4884">
     <span class='ocr_line' id='line_1_39' title="bbox 503 4783 2116 4884; baseline -0.011 -12"><span class='ocrx_word' id='word_1_418' title='bbox 503 4818 629 4873; x_wconf 81' lang='lat' dir='ltr'><strong>veteres</strong></span> <span class='ocrx_word' id='word_1_419' title='bbox 644 4797 854 4867; x_wconf 81' lang='lat' dir='ltr'><strong>centuriones</strong></span> <span class='ocrx_word' id='word_1_420' title='bbox 869 4789 948 4884; x_wconf 77' lang='lat' dir='ltr'><strong>ete]</strong></span> <span class='ocrx_word' id='word_1_421' title='bbox 963 4789 1151 4878; x_wconf 74' lang='lat' dir='ltr'><strong>Madvigius</strong></span> <span class='ocrx_word' id='word_1_422' title='bbox 1166 4787 1258 4878; x_wconf 82' lang='lat' dir='ltr'><strong>Opp,</strong></span> <span class='ocrx_word' id='word_1_423' title='bbox 1275 4787 1381 4854; x_wconf 79' lang='lat' dir='ltr'><strong>Aead.</strong></span> <span class='ocrx_word' id='word_1_424' title='bbox 1402 4787 1490 4852; x_wconf 85' lang='lat' dir='ltr'><strong>Part.</strong></span> <span class='ocrx_word' id='word_1_425' title='bbox 1509 4783 1553 4850; x_wconf 92' lang='grc'><strong>11.</strong></span> <span class='ocrx_word' id='word_1_426' title='bbox 1572 4809 1603 4874; x_wconf 88' lang='lat' dir='ltr'><strong>p.</strong></span> <span class='ocrx_word' id='word_1_427' title='bbox 1616 4783 1693 4854; x_wconf 68' lang='lat'><strong>286.</strong></span> <span class='ocrx_word' id='word_1_428' title='bbox 1709 4795 1777 4850; x_wconf 87' lang='lat' dir='ltr'><strong>nat.</strong></span> <span class='ocrx_word' id='word_1_429' title='bbox 1804 4785 1833 4848; x_wconf 93' lang='grc'><strong>1.</strong></span> <span class='ocrx_word' id='word_1_430' title='bbox 1857 4795 1945 4850; x_wconf 82' lang='lat' dir='ltr'><strong>reete</strong></span> <span class='ocrx_word' id='word_1_431' title='bbox 1968 4785 2116 4872; x_wconf 81' lang='lat' dir='ltr'><strong>mirator,</strong></span> 
     </span>
    </p>
   </div>
   <div class='ocr_carea' id='block_1_12' title="bbox 0 0 2393 5988">
    <p class='ocr_par' dir='ltr' id='par_1_12' title="bbox 0 0 2393 5988">
     <span class='ocr_line' id='line_1_40' title="bbox 0 0 2393 5988; baseline 0 0"><span class='ocrx_word' id='word_1_432' title='bbox 0 0 2393 5988; x_wconf 95' lang='lat' dir='ltr'><strong> </strong></span> 
     </span>
    </p>
   </div>
  </div>
 </body>
</html>
