4814 5970
513 693 567 776 bi

513 855 697 937 iiclrberus,
720 877 795 943 enar
817 853 948 920 obviarn
970 855 1105 922 baberet
1123 867 1265 925 vetemur
1287 858 1478 945 laetiorem,
1500 885 1542 927 ue
1560 861 1712 928 indicare
1736 863 1870 951 quidem
1888 864 2049 952 dignatus
2072 861 2139 948 sita

410 951 412 956 ’
514 959 735 1036 ,coniecturam
764 954 855 1021 illurn
876 958 1081 1044 receperit.“
1126 960 1222 1044 Quae
1248 985 1350 1050 ᾳιιιω
1377 963 1422 1030 its
1450 987 1489 1030 se
1517 966 1671 1050 babeant,
1701 965 2067 1035 commatris-omnibns
2094 965 2139 1030 sit

507 1060 726 1138 existimatio.
752 1093 790 1110 -·
820 1059 1012 1126 ardentibus
1041 1062 1097 1128 siti
1128 1063 1304 1150 lancibus]
1326 1065 1494 1131 Belrberus
1517 1091 1560 1133 ex
1577 1065 1758 1132 Florebelli
1785 1081 1818 1133 et
1840 1064 2000 1134 Graevii
2029 1066 2138 1132 conic-

511 1177 607 1237 ctura
629 1165 801 1232 ornatibus
830 1162 946 1246 edidit,
977 1165 1184 1254 improbante
1209 1169 1500 1253 Weissenbornio,
1527 1170 1585 1259 qui
1614 1169 1720 1236 Lectt.
1748 1171 1824 1236 Lir.
1854 1169 1946 1236 Part.
1975 1170 2022 1236 11.
2045 1195 2081 1258 p.
2101 1168 2136 1234 2.

514 1267 626 1352 ‚,Nnrn
656 1267 743 1334 sicut
769 1289 883 1347 urere,
912 1267 1031 1356 iuquit,
1061 1293 1160 1358 saepe
1191 1273 1357 1358 signitieat
1385 1273 1572 1355 exsiccare,
1603 1273 1647 1338 itr
1679 1299 1778 1340 orere
1805 1297 1876 1343 erar
1897 1274 2135 1355 conditionem,

514 1393 599 1459 quae
628 1368 753 1434 urendo
783 1368 933 1448 efficitur,
966 1369 1105 1454 indicat,
1139 1395 1179 1436 ex
1208 1395 1274 1459 quo
1307 1375 1407 1441 verbo
1430 1400 1504 1441 cum
1527 1377 1765 1444 formatum-sit
1785 1378 1981 1444 adieetirura
2004 1378 2135 1458 aridus,

510 1473 601 1550 ,uude
625 1483 730 1539 ortunr
753 1484 803 1539 est
826 1471 958 1536 verbum
981 1474 1114 1556 ardere,
1138 1498 1205 1540 noa
1228 1477 1343 1540 urirnrn
1369 1497 1443 1541 esse
1464 1487 1574 1564 potest
1597 1490 1770 1566 utrumque
1789 1499 1856 1542 uon
1876 1476 2006 1563 origine
2028 1474 2149 1578 somn·

514 1578 573 1642 sed
596 1576 693 1640 etiam
718 1575 862 1639 notionis
886 1578 1085 1660 cognatione
1108 1603 1182 1644 curn
1203 1580 1260 1644 illa
1282 1579 1392 1645 radice
1414 1604 1487 1646 esse
1509 1581 1735 1664 coniunctum,
1759 1591 1793 1645 ct
1820 1600 1978 1645 summam
2007 1574 2135 1640 aridita-

513 1694 577 1747 tern
595 1671 649 1746 ¹rel
668 1680 744 1766 igne
765 1691 910 1747 torrente
933 1681 986 1744 vel
1008 1683 1077 1746 sole
1101 1697 1217 1749 urente
1240 1683 1378 1752 velulis
1401 1707 1465 1772 qua
1494 1707 1591 1750 causa
1623 1699 1724 1750 ortam
1754 1685 1950 1770 designare,
1974 1683 2018 1746 el.
2048 1681 2135 1746 Dos·

513 1785 631 1852 derliu.
654 1782 781 1868 Spuon.
806 1780 880 1847 Lat.
904 1782 966 1846 IV.
991 1806 1025 1871 p.
1053 1784 1125 1848 114.
1149 1786 1218 1852 lam
1242 1789 1270 1852 si
1293 1812 1396 1854 urere
1418 1792 1488 1855 sitis
1509 1789 1626 1875 fauces
1643 1789 1702 1869 (ol.
1720 1787 1837 1852 Horat.
1854 1787 1923 1852 Sat.
1944 1784 2022 1868 1,2,
2044 1780 2134 1867 tlt.)

512 1884 753 1962 maledicitur,
778 1885 890 1948 neseio
914 1910 954 1949 aa
980 1887 1105 1970 larices,
1127 1913 1213 1976 qrrae
1236 1891 1291 1955 siti
1316 1893 1467 1976 nrrrntur,
1491 1901 1524 1957 et
1553 1892 1675 1957 nraiarc
1703 1889 1785 1954 adeo
1806 1887 1852 1970 ri,
1875 1910 1973 1978 quam
1990 1897 2132 1966 arcistes,

511 1988 649 2062 aLivio
679 1988 836 2058 aurientes
865 1985 930 2054 dici
985 1989 1139 2056 otnerint.
1170 1989 1224 2056 Cl.
1254 1990 1388 2060 Lueret.
1422 1996 1484 2078 Vl,
1520 1995 1640 2060 1171.“
1674 2029 1713 2044 -
1745 2004 1920 2058 torrentem
1953 1987 2133 2054 meridiano

511 2089 597 2181 sale]
622 2091 838 2156 Perizonius:
865 2012 997 2177 „Leplln
1024 2092 1144 2180 inquit,
1168 2107 1326 2164 tom-cute.
1373 2099 1451 2166 Sole
1469 2101 1561 2165 'enim
1592 2110 1734 2164 torretur
1763 2095 1872 2178 miles,
1894 2119 1960 2159 non
1989 2092 2132 2158 torret.“

511 2195 586 2264 BC.
610 2197 652 2260 B.
697 2191 774 2256 Nou
795 2203 857 2270 est,
880 2192 970 2280 quod
995 2193 1126 2259 dubites
1156 2195 1197 2258 de
1228 2181 1409 2266 certissima
1442 2203 1682 2286 emendatione,
1716 2225 1811 2288 quarn
1845 2199 1907 2264 iam
1930 2193 2134 2282 Doeringius

510 2297 646 2385 recepit.
693 2296 840 2360 Ablativi
864 2319 1009 2384 quoque,
1034 2299 1092 2385 qui
1116 2301 1328 2387 praecedunt,
1353 2305 1496 2372 absoluti
1521 2306 1716 2372 ardentibus
1747 2308 1803 2370 siti
1822 2305 1989 2392 sanetius,
2014 2313 2048 2366 et
2076 2323 2135 2367 ore

512 2419 613 2503 atque
636 2407 739 2472 cesalis
763 2406 898 2490 repletis
916 2407 1066 2494 pulvere,
1091 2431 1161 2473 erm
1181 2410 1368 2498 efflagitant.
1394 2449 1435 2460 -·
1460 2407 1586 2498 quieto]
1613 2408 1717 2473 Recte
1743 2407 1944 2490 Gronovius,
1969 2403 2133 2493 quidquid

510 2511 717 2602 Douringius
733 2509 937 2598 obloquitur,
954 2514 1065 2601 quieto
1082 2513 1272 2577 mutandum
1290 2519 1419 2582 censuit
1434 2516 1466 2579 in
1480 2517 1642 2604 requieto,
1663 2513 1759 2578 idest
1776 2513 1892 2576 diurna
1907 2512 1958 2577 vel
1973 2523 2132 2576 nocturna

438 2623 444 2632 '
514 2617 626 2704 quiete
649 2637 689 2674 ex
709 2610 835 2678 itineris
859 2611 1026 2678 laboribus
1047 2614 1183 2678 relecto.
1208 2614 1283 2680 BC.
1307 2621 1349 2685 Β.
1397 2617 1589 2682 Proximum
1619 2615 1886 2698 recentiell'ecit,
1915 2626 1951 2678 nt
1979 2614 2133 2679 librarius

512 2718 670 2806 syllohom
693 2741 730 2780 re
752 2715 925 2781 omitteret.

602 2869 686 2958 Cap.
708 2867 878 2932 xxxix.
902 2869 1082 2958 cepissent]
1098 2870 1182 2936 Cod.
1198 2875 1394 2959 saepissent.
1441 2867 1531 2933 idern
1548 2867 1622 2933 Liv.
1637 2865 1808 2950 XXXlll,
1825 2867 1856 2931 5.
1874 2866 1906 2929 iu
1923 2864 1996 2930 cod.
2014 2863 2130 2930 Bamb.

513 2971 636 3056 legitur
657 2991 717 3057 pro
740 2971 952 3055 saepsissent,
976 2970 1064 3056 quod
1089 2981 1229 3060 utroque
1248 2973 1322 3034 loco
1346 2971 1486 3037 restitui.
1507 2969 1581 3037 BC.
1603 2973 1646 3036 B.
1695 2969 1861 3035 llebberus
1892 2983 1999 3034 tamen
2023 2971 2130 3034 minus

514 3087 602 3138 recte
624 3075 804 3159 sepsissent
827 3071 973 3158 scripsit.
1020 3071 1099 3136 vid.
1125 3085 1254 3139 nostras
1278 3078 1452 3143 Annotatt.
1477 3078 1516 3142 ud
1540 3077 1668 3142 Rabirii
1697 3077 1892 3164 Fragnrcnta
1922 3101 1954 3162 p.
1987 3075 2061 3142 223.
2093 3109 2134 3125 -

518 3192 553 3246 ut
577 3201 644 3266 qno
667 3177 809 3243 victores
830 3201 890 3241 nos
914 3177 1150 3265 reciperemus]
1176 3179 1384 3270 Quamquam
1410 3184 1541 3248 voculas
1563 3193 1597 3247 et
1617 3193 1716 3270 atque
1739 3193 1776 3245 nt
1798 3205 1814 3244 a
1835 3181 1978 3244 librariis
2010 3180 2134 3266 saepis·

444 3325 449 3332 ·
514 3283 594 3346 sime
619 3279 809 3368 permutari,
832 3280 1121 3348 Dralrenborcbins
1144 3284 1185 3346 ad
1208 3283 1282 3350 Lis.
1308 3285 1408 3370 xxi,
1431 3284 1487 3368 28,
1511 3286 1542 3350 8.
1566 3283 1691 3366 docuit,
1714 3293 1821 3346 tamen
1845 3281 1885 3344 ab
1904 3283 2012 3347 animo
2031 3283 2132 3371 impe·

514 3396 598 3448 trare
623 3405 687 3446 uon
717 3406 872 3470 possum,
895 3399 930 3450 nt
959 3384 1239 3460 Weissenbornio
1272 3387 1379 3452 Lcctt.
1409 3387 1481 3450 Liv.
1516 3387 1609 3450 Part.
1641 3383 1669 3450 l.
1699 3409 1735 3474 p.
1759 3381 1814 3450 23.
1845 3397 1914 3450 not.
1947 3385 1978 3449 8.
2010 3398 2042 3453 et
2066 3411 2131 3482 qno

513 3489 655 3554 virtores
675 3511 737 3553 uas
758 3491 1006 3576 reciperemus?
1033 3490 1242 3555 scribendum
1273 3515 1346 3556 csse
1376 3488 1523 3554 censenti
1551 3489 1732 3570 assentiar,
1762 3512 1863 3576 qurum
1893 3489 2067 3556 lectionem
2097 3491 2131 3554 in

513 3591 628 3656 codice
661 3603 822 3678 repertam
854 3591 935 3656 satis
966 3615 1132 3680 superque
1161 3607 1289 3660 tueatur
1317 3593 1408 3658 loeus
1442 3591 1629 3658 sinrilliurus
1658 3592 1736 3675 XL,
1769 3592 1819 3655 13.
1850 3603 1889 3658 nt
1914 3595 2032 3688 quibus
2055 3593 2133 3657 aliis

513 3696 632 3760 deinde
654 3699 760 3760 sacris
784 3699 1043 3760 conteruinatarn
1063 3701 1153 3762 omrai
1173 3701 1298 3766 scelere
1322 3709 1464 3764 mentem
1484 3696 1680 3786 expiarent?
1703 3695 1758 3760 nbi
1781 3695 1970 3761 Gronovius
1994 3718 2129 3784 quoque

513 3798 652 3888 primum
677 3809 710 3864 et
732 3821 792 3885 pro
815 3809 853 3862 ut
874 3798 1091 3886 repositurus,
1113 3825 1215 3889 quum
1239 3803 1271 3866 in
1297 3801 1463 3890 pcmiunnr
1489 3800 1580 3864 illurn
1604 3798 1712 3864 locum
1729 3797 1913 3880 incidisset,
1934 3799 2130 3862 seutentiam

512 3900 709 3969 retractavit.
757 3899 846 3962 ldem
870 3897 1184 3967 Weissenbornium
1210 3903 1368 3968 lucturum
1392 3929 1466 3968 esse
1490 3927 1601 3991 spero,
1619 3902 1716 3966 irumo
1731 3902 1913 3966 certissime
1928 3899 2069 3964 conlido.
2091 3936 2128 3948 -

511 4005 581 4070 Nee
607 4003 733 4067 falleret
756 4025 829 4083 nos,
853 4025 913 4067 nee
936 4005 1091 4087 interdiu,
1115 4031 1175 4072 uec
1199 4020 1295 4071 nocte
1318 4007 1485 4093 abeundo]
1506 4007 1588 4071 cod.
1612 4033 1673 4072 nee
1693 4007 1889 4094 sallereuos
1905 4030 1966 4072 nec
1984 4009 2130 4074 interdiu

512 4119 572 4171 aut
595 4117 691 4170 nocte
714 4103 858 4186 abenud,
884 4106 1003 4168 omisso
1029 4131 1047 4170 o
1073 4090 1177 4170 litera.
1224 4107 1411 4194 Grynnenrn
1437 4108 1619 4198 praeteriit,
1643 4111 1779 4174 alterurn
1800 4132 1900 4174 neca
1931 4111 2065 4178 librario
2088 4137 2129 4178 ex

513 4207 787 4298 praecedentibus
811 4231 884 4272 csse
907 4208 1094 4296 repetitum.
1142 4209 1259 4274 Scribe
1284 4211 1386 4296 igitur
1409 4237 1480 4276 rueo
1506 4213 1676 4300 periculo:
1700 4215 1774 4278 Nee
1796 4211 2007 4296 {alleretnos
2030 4220 2129 4282 inter·

513 4315 571 4377 sliri
594 4323 654 4376 arsit
672 4323 767 4376 nocte
789 4311 954 4376 abeundo.
981 4352 1020 4362 -
1044 4313 1137 4398 Quid
1157 4328 1263 4379 autern
1287 4328 1338 4382 est
1361 4316 1456 4380 nobis
1481 4317 1639 4406 optatius,
1664 4331 1825 4404 quarunt,
1845 4342 1982 4405 quorum
2007 4319 2129 4414 castra]

513 4415 597 4481 cod.
627 4427 690 4480 tem
715 4426 764 4479 est
783 4415 877 4479 nobis
901 4427 1031 4502 optatus
1050 4441 1193 4505 quaerum
1217 4429 1342 4484 castra.
1387 4418 1489 4502 Vide,
1514 4443 1611 4507 quam
1634 4421 1718 4484 bene
1735 4419 1904 4507 Gryuaeus
1929 4424 2036 4488 omnis
2060 4447 2129 4490 cor-

512 4517 645 4583 rexerit.
669 4517 744 4582 Non
767 4529 876 4606 potest
898 4520 1014 4582 melius
1036 4519 1087 4583 hie
1112 4521 1206 4585 locus
1231 4523 1411 4609 personari.

597 4670 680 4758 Cap.
705 4669 782 4734 XL.
807 4674 860 4737 Ac
882 4695 924 4736 ne
948 4671 1004 4738 illo
1028 4671 1102 4759 ipso
1126 4674 1258 4761 quidem
1281 4675 1336 4740 die
1359 4711 1399 4724 -
1421 4713 1462 4726 υ-
1485 4677 1647 4744 contraxit
1669 4685 1849 4764 oertarnen]
1873 4681 1923 4746 lta
1952 4681 2004 4748 bio
2035 4684 2129 4753 loeus

461 4808 464 4824 ›
513 4775 669 4844 scribitur
693 4797 734 4838 ex
765 4773 926 4842 Gronorii
951 4776 1200 4861 emendatione,
1223 4779 1295 4860 eni,
1327 4788 1363 4844 ut
1391 4776 1432 4844 de
1459 4779 1667 4869 impeditiore
1694 4786 1868 4852 verborum
1897 4786 2130 4860 coniunctione
