4814 5970
483 709 532 780 tt

482 889 530 951 oet
552 889 744 951 candidatum
771 889 976 968 praetorium,
998 903 1072 965 quae
1093 883 1169 946 Inira
1190 882 1341 963 leguntur,
1371 883 1461 946 tantie'
1480 882 1617 964 imperbta
1638 883 1697 946 alat
1717 881 1949 958 dilllaadtatibua,
1970 889 2020 958 ut,
2041 883 2098 948 triti

485 994 667 1056 conlectarae
688 989 786 1072 perillo
810 989 974 1052 audacioris
997 1007 1063 1069 ope,
1086 985 1215 1068 expediti
1238 1003 1299 1046 non
1319 999 1409 1065 posse
1430 984 1590 1048 videantur.

569 1125 957 1191 cul...rbndltEr1u0
975 1123 1155 1188 COGNOIIE
1172 1121 1266 1198 ..1Τ]
1290 1117 1369 1182 Ilaec
1384 1119 1520 1200 ,Penius
1546 1127 1577 1200 p'.
1596 1115 1628 1182 8.
1649 1119 1842 1202 probabiliter
1861 1120 2005 1202 supplerit
2021 1121 2100 1184 huna

482 1233 513 1296 ia
534 1233 673 1296 modurn:
697 1237 746 1294 aur·
763 1242 867 1313 postea
892 1231 1007 1294 Gretr'ao
1030 1246 1189 1309 cognomen
1208 1229 1282 1308 sata.
1325 1225 1515 1301 stetten,
1539 1225 1590 1290 33.
1614 1232 1664 1292 aui
1684 1246 1843 1308 cognomen
1863 1239 1965 1310 poena
1989 1226 2097 1292 Gamo·

483 1333 554 1398 tana
577 1337 653 1416 suit,
677 1335 763 1408 XXV,
784 1331 816 1396 2.
844 1343 872 1397 et
900 1335 1025 1410 XXXVI,
1048 1331 1098 1396 36.
1127 1338 1177 1398 cut
1200 1344 1269 1414 poet
1298 1334 1443 1413 Asataneta
1467 1331 1532 1410 suit
1555 1350 1732 1412 capnomea,
1762 1342 1848 1424 atque
1877 1333 1993 1413 saepius
2021 1331 2098 1406 alibi,

484 1440 570 1502 veluti
591 1439 691 1516 XXXI,
713 1437 763 1502 39.
785 1439 900 1513 11111111,
921 1437 951 1502 2.
974 1449 1003 1502 et
1024 1438 1150 1512 XXXIV,
1173 1435 1224 1502 47.
1268 1439 1329 1501 Nos
1356 1447 1454 1500 mmen
1482 1457 1544 1500 non
1569 1439 1647 1503 idem
1674 1439 1729 1502 baa
1752 1439 1787 1500 de
1806 1459 1839 1502 ra
1860 1439 1984 1514 sentire,
2008 1457 2043 1500 aa
2064 1437 2100 1500 iis

484 1543 645 1624 apparebit,
666 1561 739 1622 quae
761 1549 864 1622 postea
884 1543 1025 1606 dicentur.
1069 1541 1219 1606 bineolam
1241 1551 1338 1606 autem
1358 1543 1459 1608 literae
1478 1543 1509 1606 N
1523 1543 1659 1606 vicariam
1672 1543 1720 1606 bic
1740 1545 1771 1606 ia
1792 1541 1934 1607 vocabulo
1952 1540 2101 1608 codro-

484 1645 558 1721 1111,
582 1648 661 1726 quod
689 1648 720 1708 iu
741 1655 872 1710 axuemo
904 1665 990 1708 versu
1019 1646 1140 1728 legitur,
1172 1645 1232 1708 sire
1260 1645 1399 1708 omissam
1427 1647 1488 1708 sive
1515 1665 1630 1718 erasum
1656 1646 1723 1710 abbi
1753 1665 1870 1726 quamue
1896 1645 1926 1707 in
1951 1645 2108 1720 codicibus,

484 1751 680 1834 palirnpsestis
703 1752 870 1825 desiderari,
895 1753 924 1814 in
945 1752 1093 1814 Aunomtt.
1116 1751 1152 1812 ad
1173 1751 1246 1814 tini
1264 1751 1338 1814 Ilist.
1360 1749 1424 1812 Lib.
1448 1748 1520 1811 Xffl.
1543 1749 1750 1832 Fragmentum
1769 1771 1798 1832 p.
1822 1747 1894 1812 397.
1920 1749 2015 1814 docui.

558 1903 1170 1983 ·Uencnrtn1blrttn..nar0nnnrl
1204 1905 1246 1966 Ile
1279 1905 1323 1966 bis
1357 1905 1471 1979 verbio,
1502 1923 1576 1984 quae
1607 1903 1751 1986 Oedeum
1781 1909 1932 1986 requirere
1959 1905 2100 1978 videntur,

484 2011 625 2084 Pertzius,
647 2010 696 2089 qui
717 2028 748 2089 p.
772 2005 801 2068 3.
826 2009 957 2070 ultimam
978 2007 1110 2070 vocabuli
1135 2005 1398 2071 erraterrat!
1417 2009 1540 2084 literam,
1565 2009 1647 2072 cuiue
1668 2009 1810 2090 particula
1827 2012 1929 2074 saltem
1944 2011 1973 2073 ia
1995 2011 2100 2092 palim-
2137 2081 2141 2090 .

484 2123 584 2195 psesto
609 2113 770 2194 reperitur,
793 2131 853 2175 non
877 2113 1012 2174 ondttere
1037 2112 1175 2186 debebat,
1204 2131 1234 2192 p.
1259 2109 1309 2172 te.
1332 2111 1371 2174 ita
1392 2120 1621 2176 commentatur:
1666 2114 1736 2188 „Iru
1759 2113 1921 2178 Iir‘naelneu
1942 2119 1982 2178 ist
2002 2125 2107 2180 auem
2187 2115 2193 2127 “

486 2221 540 2283 dar
560 2219 715 2282 Irrsdruolr
735 2217 902 2280 candidatus
924 2217 1091 2298 praetorius
1112 2238 1152 2278 zu
1173 2217 1336 2290 demetra,
1357 2215 1481 2278 uelatur
1501 2217 1681 2296 peutbnb'ab
1703 2223 1787 2281 einen
1808 2219 1961 2283 Buoerbar
1981 2241 2034 2282 um
2055 2223 2103 2285 dia

485 2324 615 2388 Pruatur
638 2323 814 2393 baza'abnet,
837 2321 903 2382 liar
925 2323 997 2383 ader
1024 2342 1083 2384 uon
1111 2325 1205 2383 er'nem
1227 2321 1340 2385 Constat
1367 2321 1542 2402 petronate,
1568 2326 1601 2382 a'n
1623 2321 1687 2385 dem
1710 2323 1791 2384 alten
1812 2323 1904 2385 Sinna
1925 2323 2103 2387 vastandae

484 2448 557 2510 rapu
580 2445 677 2500 moue,
697 2444 739 2487 uo
761 2431 881 2504 praetor
902 2425 957 2485 den
987 2425 1088 2485 consul
1111 2423 1346 2497 ar'nsrbliaraend,
1366 2423 1532 2505 uberhaupt
1552 2409 1610 2487 den
1631 2423 1767 2489 borbum
1787 2425 1948 2508 Maar'strat
1970 2427 2103 2492 bradeb-

485 2544 567 2604 nete,
588 2531 651 2594 und
672 2533 768 2592 morin
790 2527 892 2590 diviua
917 2528 972 2590 dan
999 2527 1139 2590 Ilr‘etutor
1168 2533 1288 2606 praetor
1311 2527 1455 2587 maximus
1487 2538 1586 2588 renent.
1632 2529 1806 2592 Candidatus
1836 2536 2001 2610 praetorius
2024 2543 2103 2601 udra

487 2635 579 2698 daber
607 2636 660 2696 der
688 2633 840 2696 Bewerber
866 2652 917 2694 aar
946 2636 1009 2693 eirca
1039 2633 1092 2693 der
1119 2629 1257 2693 bdrbeten
1291 2629 1433 2702 Wurden,
1462 2631 1524 2692 rand
1545 2637 1577 2692 r'n
1601 2633 1665 2694 dem
1694 2633 1900 2714 norla’ependen
1921 2639 2020 2715 Falla,
2051 2645 2104 2706 der

486 2742 639 2804 nauata
668 2758 719 2801 um
742 2743 807 2799 er'ne
835 2736 983 2807 Proerna,
1005 2733 1137 2796 rtdrnb'eb
1161 2732 1267 2804 Creta,
1290 2729 1396 2793 uelaba
1419 2733 1485 2794 dena
1514 2731 1652 2797 Metellus
1672 2755 1712 2798 zu
1738 2735 1820 2799 rant
1842 2743 1940 2814 ward,
1961 2746 2103 2812 aaaddeur

485 2838 666 2908 Hortensius
695 2843 815 2921 darauf
841 2839 1000 2902 vemiabtet
1029 2839 1141 2900 batte.“
1186 2835 1263 2896 Haeo
1293 2835 1381 2914 igitur
1409 2836 1465 2898 ille.
1511 2835 1569 2900 Tot
1589 2847 1685 2900 autern
1713 2841 1856 2922 tantisque
1878 2844 2009 2908 Portzius
2030 2851 2103 2914 baec

486 2947 574 3008 verba
597 2945 633 3006 ad
659 2943 804 3006 Metellum
829 2943 978 3004 consulem
1000 2943 1129 3001 reserens
1158 2937 1315 3018 implicitas
1337 2947 1382 3000 ost
1403 2941 1572 3016 erroribus,
1603 2953 1634 3004 ut
1655 2944 1727 3006 milri
1750 2949 1949 3026 usurpandum
1973 2952 2010 3014 sit
2031 2953 2102 3018 illud

486 3051 689 3116 Homericum:
725 3041 768 3108 Τι’
789 3041 920 3130 πρῶτόν
940 3065 991 3105 aar
1015 3039 1143 3118 ἔπειτα,
1169 3037 1200 3105 ra'
1219 3034 1247 3102 d'
1271 3033 1424 3104 bennun
1447 3041 1638 3126 καταλέξω
1674 3049 1717 3112 Aa
1737 3049 1866 3128 primum
1885 3053 2001 3132 (paridem
2026 3057 2102 3123 inter

487 3175 589 3220 omnes
611 3133 740 3226 conetat,
772 3150 946 3214 candidatae
968 3147 1139 3210 cansralarar
1162 3153 1190 3206 at
1208 3153 1380 3228 praetoriae
1403 3150 1462 3212 sire
1486 3153 1662 3216 candidatos
1685 3157 1860 3222 conradatur
1885 3169 1914 3220 et
1935 3177 2102 3242 praeturae

487 3285 504 3328 a
525 3262 664 3326 Romanis
686 3277 746 3320 non
767 3255 861 3317 didos
883 3274 962 3327 esse,
987 3253 1041 3315 nisi
1064 3272 1124 3326 noe,
1148 3254 1195 3333 qui
1219 3255 1401 3315 consulatum
1423 3262 1451 3314 et
1472 3265 1640 3334 praeturam
1662 3268 1809 3338 peterent,
1832 3271 1918 3342 atque
1941 3271 2101 3348 scalptores

485 3367 591 3430 latinos
606 3365 680 3425 hanc
697 3359 833 3441 loquendi
848 3357 1084 3420 connsuetudinem
1108 3361 1339 3424 eorrstarrtissinre
1359 3381 1499 3424 servasse.
1544 3363 1647 3426 Cicero
1672 3365 1753 3428 Orat.
1768 3387 1824 3448 pro
1841 3369 1952 3436 Ilaron.
1970 3397 2033 3459 cap.
2049 3377 2101 3446 97,

486 3469 674 3551 Respondebo
696 3469 808 3546 tainu,
829 3463 937 3543 inquit,
962 3462 1115 3524 Postumio
1134 3467 1286 3540 primum,
1308 3469 1361 3548 pua·
1382 3470 1477 3528 nereio
1499 3487 1557 3547 qno
1576 3481 1667 3548 pacto
1690 3471 1765 3532 nn'ba'
1791 3475 1910 3540 vitietur
1928 3491 2102 3560 praeton‘ua

488 3574 667 3639 candidatur
685 3573 719 3632 ia
741 3567 944 3640 consularem,
968 3568 1054 3644 quari
1078 3563 1259 3628 derra-Itonos
1279 3572 1312 3628 r'n
1334 3569 1552 3648 quadrigarum
1577 3575 1765 3636 curriculum
1783 3579 1952 3655 a'ncnrrera,
1976 3594 2005 3646 et
2027 3585 2099 3653 Ptin.

486 3679 594 3757 paneg.
617 3695 681 3756 nup.
705 3669 757 3734 63.
779 3671 922 3732 Traianus
945 3667 1051 3728 Caesar
1074 3665 1234 3745 appellatur
1256 3671 1435 3735 candidatur
1456 3693 1516 3736 nan
1544 3677 1718 3741 cumulatur
1740 3691 1873 3757 tantuna,
1905 3689 1957 3749 aad
1973 3694 2102 3756 immor-

488 3783 629 3853 tob'ton'e,
649 3791 676 3842 et
697 3778 825 3856 planae,
847 3783 874 3835 at
896 3769 1033 3852 coempta,
1054 3773 1133 3851 praed
1152 3783 1344 3852 sequerentur
1363 3775 1432 3838 boni
1448 3781 1608 3857 prtraa'pea,
1628 3779 1705 3842 mati
1723 3785 1920 3849 mirarentur.
1963 3791 2102 3861 slmititar

487 3889 573 3954 etiarn
604 3887 663 3948 Cic.
693 3883 768 3962 Epp.
791 3879 827 3940 ad
856 3879 892 3950 Q.
924 3877 961 3939 Ir.
989 3875 1030 3949 11,
1061 3859 1115 3938 tol
1140 3879 1294 3941 tn'buaa'er'r'
1313 3879 1482 3953 candidati,
1504 3881 1625 3944 Sueten.
1650 3884 1715 3946 Tib.
1747 3905 1811 3966 cap.
1841 3885 1892 3952 42.
1924 3909 2109 3974 quaesturae,

489 3992 680 4059 candidatus,
704 3992 733 4046 et
753 3982 874 4061 Vespas.
895 3999 960 4060 cap.
982 3975 1012 4040 ⁸2.
1044 3981 1209 4043 aedilitatis
1238 3999 1272 4044 aa
1295 3993 1460 4064 praeturae
1484 3983 1661 4048 candidatae
1689 3983 1833 4050 dicuntur.
1877 3991 1986 4056 Deinde
2014 4017 2101 4066 nemo

489 4093 605 4174 quidem
625 4091 756 4170 ignorat,
790 4103 936 4146 summum
964 4083 1163 4144 Quirenarum
1191 4084 1406 4162 magistratum,
1437 4087 1466 4147 id
1493 4087 1572 4166 quod
1595 4105 1629 4149 ex
1652 4085 1710 4153 eie.
1741 4089 2103 4183 Leg.lll,3.1.iv.1ss‚

489 4191 541 4256 55.
564 4193 638 4256 I‘lin.
661 4191 696 4254 N.
720 4189 757 4250 Η.
780 4187 878 4258 nrm,
902 4183 931 4246 3.
955 4187 1075 4266 aliisque
1097 4187 1169 4248 Ionis
1190 4186 1372 4266 intelligitur,
1396 4189 1553 4269 antiquitus
1571 4201 1741 4270 praetorem
1764 4213 1828 4254 esse
1850 4195 1975 4272 diuum,
2004 4212 2033 4266 et
2054 4206 2102 4268 di-

490 4305 631 4362 otatorern
652 4295 683 4356 in
708 4295 770 4374 lege
792 4299 917 4364 vetusta,
941 4309 1015 4372 qaae
1035 4290 1096 4354 Liv.
1129 4287 1240 4364 t'11,3.
1269 4305 1531 4370 commemoratur,
1557 4309 1730 4378 praetorem
1758 4306 1926 4368 mammam
1954 4313 2102 4391 appellari.

490 4401 547 4464 Sed
577 4401 653 4462 idern
682 4395 853 4460 vocabalum
881 4405 949 4476 post
978 4415 1003 4458 a.
1033 4415 1060 4458 u.
1091 4391 1162 4456 333.
1196 4395 1256 4456 sive
1286 4392 1358 4461 366.
1389 4420 1416 4461 a.
1439 4402 1508 4464 dtu.
1532 4421 1590 4482 quo
1614 4421 1703 4464 uncam
1725 4415 1910 4483 praetorem,
1934 4413 1983 4491 qui
2005 4415 2051 4478 ius
2072 4417 2106 4482 in

488 4503 563 4571 urbe
585 4503 707 4576 diceret,
729 4521 766 4564 ea
786 4499 918 4581 patribam
942 4508 1070 4561 creatum
1090 4517 1155 4561 esee
1175 4499 1273 4564 liuius
1295 4499 1348 4574 VI,
1365 4499 1416 4566 ta.
1434 4513 1464 4566 et
1482 4505 1542 4580 vtl,
1564 4505 1588 4568 Ι.
1606 4507 1766 4572 memoriae
1787 4511 1915 4588 tradidit,
1932 4517 1969 4580 de
1984 4520 2108 4586 conada

489 4609 532 4672 rel
554 4607 611 4672 alio
633 4605 813 4684 magistratu,
830 4611 945 4684 praeter
964 4615 1131 4684 praetorem
1152 4604 1275 4684 proprie
1296 4603 1339 4666 sic
1358 4605 1477 4680 dictum
1501 4610 1637 4690 usurpari
1658 4612 1776 4678 solitum
1797 4615 1897 4692 bosso,
1921 4627 1954 4680 ut
1973 4621 2101 4699 credam,

490 4731 578 4776 ame
598 4711 756 4789 impetrare
777 4727 837 4770 non
856 4726 991 4787 possam.
1020 4705 1206 4770 aetnaei
1235 4707 1402 4778 Handburlr
1423 4713 1475 4774 der
1502 4713 1678 4780 demaraten
1705 4717 1924 4794 Altartbdoaer,
1954 4722 2040 4788 Tam,
2063 4725 2101 4790 ll,

489 4817 569 4882 Part.
591 4815 629 4880 II.
651 4834 681 4895 p.
705 4808 757 4874 att.
779 4833 844 4893 sqq.
864 4813 914 4876 ubi
937 4813 983 4874 ille
1004 4814 1164 4892 diligenter,
1190 4823 1220 4875 ut
1240 4814 1360 4888 sabbat,
1384 4815 1438 4880 hae
1460 4818 1497 4880 de
1516 4835 1551 4903 rel
1569 4820 1713 4900 exportat.
1759 4823 1843 4896 Quae*
1860 4841 1951 4902 quum
1970 4826 2013 4895 ira
2033 4830 2100 4907 stur,
