4814 5970
479 713 552 788 118

477 877 576 945 velim
596 874 758 954 eonleres,
779 871 813 936 in
834 881 995 936 summoto
1015 871 1110 936 aditu
1131 867 1184 936 vel
1205 871 1323 937 additu
1342 869 1514 950 abierunt,
1536 871 1707 936 commode
1730 892 1807 960 pere
1833 874 1943 939 udittes
1963 874 2010 939 ud
2031 877 2091 941 tri·

481 979 586 1047 buuul
606 1004 627 1044 u
649 977 820 1044 lictoribus
841 984 1001 1039 summoto
1020 973 1145 1062 pupulo
1162 973 1365 1062 petulculus,
1387 970 1547 1058 expliceri
1567 981 1734 1059 poterunt.
1778 973 1895 1062 lteque
1922 973 2006 1040 nibil
2033 975 2093 1042 im·

476 1081 581 1171 pedit,
604 1101 670 1168 quo
694 1075 802 1142 miuus
825 1073 1020 1140 vocabulum
1043 1084 1234 1156 summotor,
1255 1073 1333 1139 licet
1357 1096 1481 1160 praeco
1511 1082 1545 1138 et
1572 1097 1749 1156 ucceusus,
1781 1098 1865 1163 quse
1894 1089 2090 1165 sequuntur,

343 1213 351 1220 ·
477 1205 639 1272 personne
657 1201 775 1246 nomeu
788 1177 956 1265 requirere
971 1175 1155 1259 videantur,
1168 1175 1342 1264 pariterue
1358 1185 1554 1259 summotus,
1568 1197 1670 1262 quum
1682 1176 1773 1242 Plio.
1789 1177 1880 1244 lliet.
1897 1177 1975 1244 Nat.
1991 1178 2091 1266 Vlll,

477 1281 532 1349 16.
556 1305 624 1347 ιιοιι
645 1303 719 1346 eum
744 1277 915 1362 lierduiuo
938 1277 1061 1342 incedit
1079 1287 1244 1340 suoumotu
1264 1275 1437 1360 lictorum,
1470 1279 1529 1344 sed
1557 1303 1632 1346 cum
1662 1279 1845 1365 Selmesio,
1871 1282 1930 1370 qni
1959 1281 2093 1370 Silligio

479 1385 632 1453 codicum
653 1381 879 1447 auctoritatem
902 1389 1034 1444 secutus
1058 1399 1131 1442 esee
1153 1377 1294 1462 ridetur,
1317 1393 1350 1445 et
1372 1381 1560 1448 Forcellino
1581 1405 1609 1448 s.
1629 1405 1661 1450 r.
1678 1381 1962 1467 submoucs,beud
1979 1384 2096 1466 dubie,

480 1487 641 1555 vocabulo
666 1486 819 1551 lictorum
840 1481 975 1562 omisso,
997 1480 1122 1546 iucedit
1143 1492 1304 1547 summoto
1333 1483 1511 1570 legendum
1541 1485 1586 1550 sit
1593 1531 1605 1566 ,
1634 1506 1652 1549 e
1677 1485 1795 1552 lexicis
1825 1484 2091 1552 exterminemur.

479 1590 573 1657 lineo
594 1589 672 1654 olim
694 1587 905 1675 plicuerunt,
934 1596 967 1650 et
998 1582 1117 1672 purtim
1146 1607 1233 1658 nunc
1263 1605 1397 1672 quoqne
1427 1585 1570 1673 placent.
1620 1585 1688 1652 Sed
1718 1607 1802 1675 quoe
1832 1587 1873 1652 ed
1899 1587 1998 1652 buius
2025 1585 2093 1654 loei

479 1690 740 1759 emendationem
760 1685 938 1775 pertinent,
960 1708 999 1749 ee
1020 1708 1109 1752 nune
1128 1685 1334 1774 aliquetenus
1356 1687 1400 1752 ite
1422 1698 1582 1770 retracto,
1606 1700 1705 1753 utne
1727 1689 1839 1755 uditus
1861 1688 1994 1778 quidem
2016 1709 2092 1754 cum

480 1793 631 1880 Gryneeo
651 1789 874 1868 scribendum,
896 1786 955 1854 sed
979 1789 1116 1854 certiore
1137 1789 1325 1853 coniectum
1345 1788 1475 1872 ductus,
1496 1787 1762 1876 interpunctione
1778 1790 1919 1874 subluto,
1943 1791 2093 1860 tmbuuul

479 1903 640 1962 summoto
664 1891 793 1957 aditum
813 1889 928 1978 utique
948 1888 1173 1977 reponendum
1199 1910 1273 1954 esee
1296 1910 1458 1954 censesne.
1503 1887 1589 1956 Nem
1610 1889 1734 1956 codicis
1756 1893 1953 1981 scripturum
1974 1895 2094 1962 nutius

481 1993 612 2060 incilius
641 2015 683 2058 ex
704 1993 814 2076 uditri,
836 2015 935 2080 quem
957 2015 998 2056 ex
1020 1994 1132 2058 autur
1153 1992 1296 2058 suboriri
1317 1993 1480 2082 potuisse,
1503 2017 1600 2060 nemo
1620 2019 1687 2061 non
1716 1995 1883 2086 intelligit.
1929 1997 1987 2065 Sic
2014 1999 2090 2066 Lir.

480 2097 615 2180 XXVI,
639 2096 694 2160 61.
718 2121 739 2160 u
761 2096 873 2162 multis
893 2096 1114 2185 legationibus
1131 2099 1284 2184 protiosus
1303 2097 1339 2160 iu
1359 2097 1416 2160 viu
1438 2097 1564 2179 celibes,
1584 2096 1772 2184 xxxvii,
1794 2099 1827 2165 6.
1849 2125 1954 2190 quum
1982 2103 2095 2168 editus

481 2200 599 2268 eousul
610 2202 697 2266 idem
711 2197 796 2264 illud
809 2220 1001 2292 responsum
1013 2200 1139 2282 retulit,
1155 2208 1188 2262 et
1202 2197 1312 2264 Tecit.
1328 2196 1452 2262 Anuel.
1462 2197 1562 2282 Xlll,
1572 2199 1604 2263 9.
1615 2201 1705 2266 ndito
1719 2225 1799 2291 repe
1810 2203 1945 2289 legitur,
1959 2215 1995 2268 ut
2008 2205 2092 2273 elion

480 2304 620 2371 eliorum
642 2301 837 2388 scriptorum
855 2300 946 2365 locos
970 2312 1105 2384 toccum,
1126 2301 1159 2366 in
1183 2301 1304 2389 quibus
1326 2299 1413 2366 idem
1437 2300 1528 2367 verbi
1552 2303 1650 2368 edire
1679 2304 1890 2392 perticipium
1918 2305 2091 2391 reperitur,

481 2407 585 2476 veluti
606 2406 678 2471 Cic.
703 2402 771 2468 off.
792 2401 822 2486 l,
854 2400 904 2466 19.
936 2401 1105 2470 laboribus
1132 2408 1290 2490 ssuceptis
1315 2402 1541 2495 periculisque
1569 2405 1690 2486 uelitis,
1720 2405 1842 2470 Vellei.
1873 2407 1948 2471 Pet.
1979 2405 2026 2488 11,
2056 2407 2090 2472 5.

482 2512 596 2590 aditu,
619 2530 707 2603 quoe
725 2508 785 2572 uix
804 2505 921 2570 auditu
942 2513 1032 2585 suist,
1054 2513 1087 2568 et
1109 2501 1208 2570 ovid.
1232 2501 1313 2567 lilet.
1338 2503 1421 2587 Xll,
1447 2503 1520 2569 161.
1544 2509 1637 2572 uditu
1655 2517 1756 2596 utque
1775 2507 1939 2574 exleuustu
1952 2509 2091 2594 pericle.

483 2612 636 2680 Ceterum
658 2610 703 2675 cl.
727 2629 812 2696 quse
834 2627 935 2693 supro
955 2603 996 2668 de
1016 2625 1089 2692 erp.
1113 2605 1146 2669 7.
1168 2619 1405 2674 commentatus
1436 2632 1522 2693 sum,
1554 2620 1587 2674 et
1615 2608 1750 2694 xxxt,
1779 2611 1833 2676 29.
1866 2612 1922 2676 obi
1950 2611 2095 2680 tribunt

482 2711 644 2804 praetoris
667 2705 808 2774 Romani
832 2703 1040 2771 describitur.

566 2847 651 2935 Cep.
674 2840 792 2909 XXX.
816 2837 1028 2928 Regionetim
1050 2839 1254 2908 commerciis
1277 2841 1473 2931 interruptis
1495 2842 1541 2909 ite
1563 2841 1668 2908 videri
1690 2845 1844 2927 lacerate]
1875 2843 1959 2911 Cod.
1988 2851 2095 2938 reqio-

480 2954 588 3020 uutim
608 2973 659 3016 me
680 2950 749 3016 scio
770 2945 965 3031 iutermptis
988 2944 1033 3008 cul
1054 2946 1164 3010 uideri
1185 2945 1354 3024 lacerata,
1385 2941 1503 3008 vocula
1527 2965 1579 3008 me
1608 2943 1643 3008 iu
1674 2955 1818 3010 extremo
1848 2968 1944 3013 versu
1973 2949 2093 3037 posite.

482 3051 551 3120 Sed
572 3049 658 3114 iulrn
679 3056 756 3136 poet
777 3065 896 3110 nomen
918 3043 1081 3126 Eordaei,
1104 3067 1164 3133 pro
1187 3067 1254 3133 quo
1276 3045 1429 3111 librarius
1451 3047 1587 3113 sordnei
1604 3048 1730 3135 posuit,
1750 3047 1831 3114 boec
1857 3047 1890 3114 iu
1914 3050 2026 3116 codiee
2047 3049 2093 3117 le·

483 3165 627 3243 gunture
650 3150 843 3217 commercio
866 3148 1060 3235 interruptis
1084 3151 1133 3214 itu
1153 3152 1266 3215 uideri
1285 3150 1481 3230 laceratum,
1506 3171 1590 3236 quee
1610 3172 1687 3216 cusu
1710 3151 1823 3218 nescio
1853 3177 1919 3241 qno
1948 3154 1982 3218 in
2004 3155 2094 3221 bunc

456 3256 592 3326 'iocum
615 3265 694 3320 suut
715 3252 834 3318 delete.
878 3249 1008 3338 Scripsi
1030 3253 1238 3333 commercio,
1263 3260 1299 3315 ut
1320 3252 1401 3316 brec
1423 3251 1574 3318 lucerutu
1599 3250 1799 3318 dicerentur.
1831 3254 1907 3320 ΒΟ.
1951 3255 2094 3322 Penesti-

483 3361 560 3429 terit
581 3371 704 3440 temen,
727 3378 793 3444 quo
816 3353 943 3442 etipse
966 3355 1106 3443 primum
1131 3354 1340 3435 inclinabam,
1364 3379 1438 3420 cum
1462 3355 1610 3422 Belskero
1638 3355 1786 3444 recipere
1809 3357 1934 3425 codicis
1957 3359 2095 3449 scriptu·

483 3485 571 3528 reme
594 3461 805 3548 Reqiouctim
827 3460 1021 3524 commercio
1044 3458 1241 3542 interruptis
1264 3459 1311 3522 itu
1332 3459 1442 3522 uideri
1464 3461 1626 3540 lacerato,
1643 3460 1929 3546 ee.d1ucedouic;
1949 3484 2095 3549 praeser-

483 3564 543 3631 tim
569 3585 671 3649 quum
700 3560 894 3628 vocabulum
925 3563 1156 3626 commercium
1185 3558 1273 3646 apud
1293 3558 1424 3624 Livium
1447 3583 1610 3648 nusquam
1638 3562 1757 3650 plureli
1787 3587 1923 3630 numero
1948 3565 2097 3654 positum

482 3668 677 3757 reperietur.
703 3705 741 3719 -
763 3678 797 3732 et
818 3689 836 3731 ι
859 3688 895 3731 se
918 3665 990 3752 ipse
1013 3687 1163 3752 quaeque
1192 3673 1355 3730 contemtu
1377 3684 1452 3750 pers
1475 3664 1577 3748 esset]
1601 3662 1685 3728 Cod.
1711 3675 1744 3731 et
1767 3665 1867 3731 Frob.
1894 3666 1923 3730 l.
1953 3678 2095 3736 coutem-

481 3785 553 3864 ptu,
577 3784 613 3838 ut
634 3769 725 3836 alibi.
772 3768 918 3832 Primum
934 3766 1092 3854 Sigonius
1114 3768 1202 3833 buuc
1220 3769 1329 3833 locum
1352 3768 1396 3832 itu
1419 3767 1624 3832 emenduritr
1650 3779 1686 3834 ut
1708 3791 1745 3835 se
1768 3772 1840 3858 ipsu
1854 3794 2007 3865 quaeque
2020 3797 2096 3840 cou-

484 3883 576 3942 teuto
595 3895 677 3960 pure
698 3879 794 3951 esset,
818 3868 908 3955 quod
925 3867 1091 3932 Bebberus
1112 3867 1258 3955 recepit,
1280 3866 1398 3932 deinde
1418 3865 1607 3935 Crevierius
1622 3879 1655 3936 et
1673 3893 1709 3936 se
1731 3874 1817 3958 ipsu,
1835 3885 1933 3960 etque
1950 3875 2095 3942 [treben-

484 3975 640 4043 borcbiue
663 3982 695 4038 et
715 3981 754 4038 ut
773 3992 808 4036 se
831 3974 904 4055 ipsu
926 3971 1071 4036 scribere
1092 3972 1287 4038 meluerunt.
1333 3974 1422 4040 Huic
1453 3999 1527 4040 eum
1550 3974 1776 4062 Lellemeudo,
1807 3981 1865 4067 qui
1893 3981 2096 4051 Crevierium

484 4088 562 4168 post
589 4075 764 4164 sigonium
791 4072 965 4140 lectionem
998 4073 1162 4160 vulgatam
1194 4074 1238 4139 ite
1268 4075 1460 4143 emendasse
1495 4078 1578 4144 iolso
1608 4079 1772 4167 perbibet,
1802 4083 1980 4150 umescens
2008 4109 2095 4153 sum.

484 4177 559 4246 ΒΟ.
579 4213 620 4226 ·-
642 4178 726 4241 Pers
747 4175 851 4262 primo
876 4174 1018 4240 Bisoitss
1042 4174 1138 4238 lubet
1162 4209 1202 4226 -
1226 4186 1315 4241 treus
1337 4177 1480 4246 Nessum
1511 4204 1638 4247 usonem
1669 4183 1832 4268 incolunt]
1865 4185 1955 4251 lleec
1984 4189 2096 4256 omnin
2136 4181 2141 4190 ’

487 4279 677 4370 liopiterius
700 4281 734 4343 in
756 4279 879 4345 codicis
903 4278 1078 4346 collatione
1101 4279 1274 4364 omiserat,
1297 4294 1411 4370 postes
1442 4297 1549 4350 temen
1574 4287 1661 4352 leuno
1694 4307 1837 4353 errorem
1867 4291 2024 4375 correxit,
2054 4293 2097 4358 ei·

486 4387 621 4474 mulque
642 4384 810 4448 librarium
833 4385 954 4451 bisultu
976 4394 1009 4448 et
1031 4385 1223 4449 iucoluutur
1244 4384 1420 4470 scripsisse
1441 4398 1540 4476 etque
1561 4390 1756 4454 vocobulum
1773 4413 1902 4457 umuem
1920 4417 1986 4458 nou
2006 4393 2097 4460 eddi·

487 4489 576 4556 disse
598 4487 677 4552 mibi
701 4485 911 4573 significavit.
955 4485 1072 4574 Neque
1095 4497 1176 4569 eret,
1198 4486 1329 4573 opinor,
1351 4510 1409 4552 our
1432 4487 1603 4574 Gryneeus
1625 4489 1688 4554 boc
1711 4493 1905 4558 vocabulum
1926 4493 2096 4564 adiiceret.

486 4630 528 4649 -
550 4593 797 4676 Cassandriam]
817 4589 901 4655 Cod.
927 4591 1174 4672 cussouclreom,
1196 4588 1286 4676 quod
1308 4588 1361 4654 bic
1382 4610 1516 4677 quoque
1537 4591 1690 4677 praetuli.
1713 4593 1786 4659 ΒΟ.
1809 4596 1852 4661 Β.
1883 4631 1925 4646 -
1961 4595 2099 4665 Divisee

486 4701 599 4788 iteque
626 4693 841 4762 Macedoniae
863 4729 904 4744 -
931 4691 1069 4757 lormuln
1099 4692 1200 4774 dicte]
1233 4689 1286 4758 Gi.
1318 4692 1359 4758 de
1387 4696 1450 4760 boe
1477 4695 1550 4762 loeo
1573 4695 1722 4764 Wnlebii
1746 4697 1931 4764 Emendett.
1963 4697 2038 4765 Lir.
2061 4725 2094 4791 p.

485 4805 560 4875 268.
583 4825 658 4896 sqq.
682 4815 715 4870 et
736 4825 821 4890 qnee
843 4810 920 4888 poet
942 4797 1136 4866 Biittnerum
1159 4797 1348 4866 observato.
1375 4798 1449 4868 Lir.
1479 4823 1514 4888 p.
1540 4799 1612 4864 111.
1639 4823 1715 4889 sqq.
1741 4799 2039 4872 Weissenbornius
2062 4806 2098 4876 in
