4770 5994
1867 723 1912 794 ΙΙ

238 929 242 938 ,
304 887 359 941 est'
385 891 436 958 ct,
464 879 559 964 (baec
589 891 645 946 est‘
669 881 744 945 eod.
775 879 923 945 Vindob.
953 879 1069 963 lectio)
1101 903 1167 945 nou
1194 883 1275 965 sed,
1298 881 1386 969 quod
1410 881 1582 950 substituit
1604 883 1703 951 ille.“
1746 883 1916 950 Belrlreros

304 993 410 1046 tannen
434 1010 450 1047 a
475 986 694 1072 vulgatonoa
718 983 884 1049 discessit.
908 1021 951 1036 -··
973 983 1160 1072 quibusque
1184 1009 1288 1077 equos
1308 983 1513 1078 adeuseruut]
1529 987 1613 1052 Cod.
1632 981 1817 1078 quibusque
1833 1007 1916 1084 qeins

303 1086 490 1172 demerent,
516 1111 581 1152 uon
603 1091 801 1169 calimerent,
826 1087 913 1177 quod
934 1087 1128 1175 Kopitarius
1150 1113 1210 1178 per
1233 1113 1373 1154 errorem
1398 1104 1513 1180 postea
1537 1103 1719 1157 correctum
1742 1089 1776 1155 in
1791 1088 1916 1156 caeteta

300 1189 478 1257 collatione
501 1205 665 1280 posuerat.
710 1190 859 1258 Verbum
883 1193 1057 1257 dmwnnt
1079 1203 1184 1257 autern
1208 1195 1252 1258 ite
1275 1195 1517 1283 scriptumest,
1541 1206 1578 1261 ut
1606 1194 1719 1260 literae
1755 1193 1857 1262 UNT
1880 1193 1916 1257 in

299 1315 398 1360 unam
427 1297 565 1383 liguram
593 1297 827 1362 coalescerent.
863 1333 905 1344 —·
935 1318 1013 1384 prae
1044 1317 1080 1360 se
1107 1297 1237 1384 terens]
1269 1299 1368 1364 Frob.
1391 1299 1423 1362 Ι.
1449 1311 1582 1388 elprae
1603 1323 1639 1364 se
1660 1299 1795 1390 sacas,
1825 1297 1915 1386 quod

299 1397 589 1466 Drakenborclsins
612 1399 844 1488 praetermisit.
889 1397 966 1464 Nou
990 1421 1074 1487 opus
1099 1413 1149 1468 est
1171 1402 1300 1492 eoprda.
1327 1399 1368 1454 —·-‘
1390 1404 1419 1470 si
1444 1407 1501 1492 qui
1525 1406 1751 1490 decernerent]
1776 1403 1916 1470 Doerin·

298 1500 394 1586 gius:
421 1503 489 1585 „Si
510 1505 603 1596 qnid,
628 1503 748 1590 iuquit,
769 1503 802 1568 in
824 1501 976 1590 plurimis
1006 1503 1208 1572 editionibus
1240 1521 1314 1572 ente
1348 1509 1698 1575 Drakenborclsinm.“
1743 1507 1848 1572 immo
1878 1505 1912 1570 ia

298 1603 452 1672 omuibus
476 1607 610 1672 omniuo
633 1606 834 1672 editionibus
861 1618 960 1692 etque
985 1607 1015 1668 in
1041 1607 1115 1694 ipso
1138 1609 1212 1674 cod.
1237 1609 1385 1676 Vindob.
1410 1624 1497 1678 reete
1525 1615 1556 1678 si
1586 1614 1668 1702 qaid
1695 1613 1915 1678 decernerent

297 1705 434 1792 legitur,
459 1711 557 1796 quod'
572 1709 946 1798 Banuspsrtendlrusins
969 1723 1002 1774 et
1026 1711 1193 1776 Belslserns
1209 1737 1333 1780 meeum
1352 1717 1578 1781 restituerunt.
1626 1715 1807 1802 Propterea
1830 1713 1912 1776 Dra·

298 1809 532 1892 benborclnius,
557 1813 612 1878 eui
633 1837 753 1902 operae
773 1839 839 1878 non
865 1826 1057 1898 Ιιιιιιειιιιιι,
1080 1813 1120 1876 dc
1144 1815 1203 1878 liae
1227 1815 1367 1880 lectione
1395 1830 1515 1882 temere
1545 1818 1671 1882 inrecta
1702 1816 1784 1882 nilril
1814 1837 1912 1880 ortuo·

297 1914 433 1978 territet
456 1916 495 1980 ιιιΙ
518 1915 548 2006 §.
576 1918 623 1982 ¹5.
647 1941 755 1984 reraan
779 1917 875 1982 brrisrs
898 1917 963 1982 loci
987 1917 1182 2003 scripturum
1202 1919 1351 2004 protulit.
1396 1919 1514 2007 Neque
1538 1941 1613 1986 vero
1635 1945 1693 2010 per
1715 1941 1750 1984 sc
1773 1917 1856 1986 illud
1884 1920 1915 1984 si

297 2019 357 2108 qni
379 2019 455 2083 l'erri
478 2034 602 2107 potest,
626 2022 696 2088 sive
717 2047 776 2110 per
793 2025 824 2086 si
846 2045 914 2111 qna
931 2026 1062 2086 ratione
1086 2020 1314 2106 explicandum
1336 2047 1409 2090 esse
1434 2036 1571 2106 statues,
1594 2037 1630 2087 ut
1653 2024 1715 2107 ΙΙΙ,
1732 2021 1786 2090 64.
1810 2026 1841 2088 si
1855 2023 1914 2117 spari

295 2147 354 2189 vos
375 2127 484 2192 arsinus
500 2127 599 2194 leodic
615 2132 726 2194 decem
744 2131 892 2195 tribunos
905 2127 1013 2214 plebei
1031 2128 1189 2214 feceritis,
1208 2127 1277 2192 sive
1293 2128 1461 2194 indefinite
1480 2130 1622 2216 positum
1640 2153 1714 2194 esse
1728 2128 1911 2208 existimes,

275 2239 332 2298 nt
356 2229 418 2313 Vl,
439 2229 493 2294 22.
516 2235 548 2296 si
575 2235 634 2325 qati
660 2256 703 2296 ea·
729 2233 871 2296 Etruria
899 2231 978 2292 sinui
1000 2241 1107 2294 erotus
1138 2233 1389 2296 sacristiaecntnr.
1437 2232 1603 2318 Displicet
1624 2234 1733 2313 euius,
1757 2231 1826 2296 sive
1848 2234 1911 2300 boe

296 2333 365 2400 sire
390 2335 472 2399 illud
495 2338 664 2424 sequaris,
689 2338 823 2402 rerbnrn
847 2339 1087 2416 decernerent,
1110 2335 1199 2424 quod
1224 2359 1289 2398 non
1315 2337 1431 2414 babet,
1456 2357 1520 2423 spuo
1550 2336 1729 2416 referatur,
1760 2335 1910 2398 absolute

295 2437 439 2522 dietnrn,
465 2453 500 2504 nt
522 2439 594 2524 ΙΙΙ,
618 2441 670 2504 45.
697 2441 866 2522 decresse,
892 2439 942 2504 sin
966 2439 1026 2504 lroe
1050 2437 1099 2503 illi
1124 2437 1311 2526 praeferas,
1339 2449 1507 2500 senatores
1531 2435 1682 2524 singulos
1706 2435 1757 2499 vel
1787 2456 1910 2521 paticus

296 2539 361 2605 diei
383 2541 508 2629 aliquid
531 2541 729 2625 decrevisse,
755 2543 843 2630 ‹prrod
869 2566 958 2608 ruore
982 2541 1199 2628 institutoque
1216 2539 1372 2603 maiorum
1390 2539 1459 2603 lieri
1478 2565 1543 2602 nun
1561 2550 1700 2627 poterat.
1739 2539 1788 2603 Eo
1806 2539 1910 2624 nugis

295 2644 406 2729 miror,
430 2647 516 2712 liuuc
539 2671 711 2736 operarum
737 2671 876 2710 errorem
902 2671 918 2708 a
942 2643 1072 2708 Millero
1095 2641 1127 2704 in
1151 2641 1203 2704 ed.
1231 2639 1337 2703 Berol.
1367 2663 1396 2702 a.
1428 2639 1520 2702 1751.
1554 2652 1735 2705 correctum
1766 2641 1799 2705 iu
1831 2643 1911 2708 alias

292 2751 471 2842 permultas
494 2775 568 2814 esse
591 2761 830 2836 propagatum,
853 2745 1069 2830 Doeringinru
1091 2745 1153 2806 lroe
1172 2741 1323 2805 meadum
1340 2743 1495 2806 intactnnr
1511 2741 1699 2830 reliquisse,
1715 2767 1781 2810 nou
1799 2748 1908 2814 miror.

294 2893 335 2904 —
364 2855 397 2918 in
425 2855 558 2940 coepto]
591 2851 673 2914 Cod.
707 2854 741 2913 in
770 2852 919 2936 incepto,
950 2843 1040 2930 quod
1073 2844 1225 2906 Doberos
1255 2843 1442 2909 coniectura
1473 2859 1644 2912 assecutus
1673 2859 1734 2913 esl.
1764 2851 1838 2918 Bc.
1864 2857 1907 2920 B.

294 2959 386 3022 ldeiu
417 2953 576 3019 Gelenius
605 2951 765 3036 ΧΧΧΙΙ,
795 2951 848 3014 23.
887 2950 983 3014 Livio
1020 2945 1182 3030 restitnit,
1213 2948 1285 3010 eod.
1318 2945 1433 3010 Banu.
1468 2960 1582 3034 postca
1614 2951 1837 3019 coralirrnaute.
1868 2993 1909 3008 -·

292 3057 528 3142 decernuntur]
552 3057 626 3121 lloe
642 3057 674 3119 in
692 3055 805 3120 codice
820 3054 953 3141 legitur.
999 3049 1168 3116 Beblrerus
1192 3049 1376 3114 decernant
1389 3049 1504 3135 edidit,
1524 3053 1577 3116 cui
1592 3055 1762 3142 sequentia
1775 3087 1783 3121 ι
1796 3061 1909 3128 Mace·

292 3165 426 3228 cluniam
457 3163 650 3226 decreturos
678 3171 821 3252 nequiit,
854 3162 961 3224 serere
992 3157 1155 3221 ridentur.
1186 3191 1228 3204 -·
1259 3155 1295 3218 in
1322 3153 1531 3245 Hispaniam]
1562 3157 1675 3226 Malim
1708 3165 1907 3256 Hispanias,

291 3269 382 3358 qnod
397 3267 627 3358 sequentibus,
653 3279 688 3330 ut
710 3266 842 3354 opinor,
867 3267 972 3352 magis
996 3275 1045 3328 est
1067 3259 1359 3326 accommodatum.
1375 3299 1415 3309 -
1433 3263 1690 3352 necquidquam
1709 3265 1908 3354 reipublicae

291 3373 437 3457 acturos]
467 3371 595 3458 Scripsi
619 3395 692 3436 curu
717 3369 901 3433 Crevierio:
925 3363 1164 3453 reipublicae.
1189 3364 1231 3427 Β.
1267 3361 1486 3450 Doeringinnr
1511 3387 1576 3429 nou
1600 3389 1719 3431 moror.
1744 3369 1818 3436 Lir.
1841 3373 1906 3454 ΙΙΙ,

290 3475 344 3542 27.
375 3487 468 3542 uelat
490 3499 690 3568 quemqnam
710 3475 866 3564 privatae
890 3473 1074 3568 quidquam
1098 3473 1148 3532 rei
1170 3491 1291 3556 opere,
1316 3465 1476 3549 XXVll,
1498 3467 1532 3532 li.
1556 3493 1618 3534 uec
1641 3473 1824 3564 qreidquam
1846 3501 1907 3564 pu·

290 3581 397 3646 blicae
418 3584 471 3646 rei
491 3591 642 3670 operasti,
668 3577 787 3660 XLll,
813 3577 866 3642 20.
896 3579 995 3645 Nilril
1017 3600 1236 3668 acupensere,
1268 3578 1359 3660 qscod
1387 3579 1566 3640 snenrorari
1587 3579 1744 3660 attineat,
1776 3583 1827 3645 rei
1847 3609 1907 3670 pn·

290 3683 396 3750 blicoe
428 3709 465 3750 eo
492 3707 582 3748 aneso
614 3683 766 3748 cornicles
790 3695 987 3774 penserunt,
1013 3679 1150 3760 XLttt,
1176 3679 1225 3742 lli.
1257 3691 1442 3768 saepes-sent,
1469 3681 1621 3764 seprius
1643 3679 1825 3773 qrcidqaam
1847 3709 1906 3765 pu-

289 3788 367 3852 blici
384 3790 508 3875 nepotii
527 3799 694 3876 pestnros,
717 3797 750 3850 et
772 3783 880 3853 Tacit.
906 3787 1016 3850 Gerar.
1043 3810 1117 3874 cap.
1138 3785 1188 3849 13.
1212 3785 1310 3852 ll’ilril
1338 3798 1450 3852 antean
1480 3810 1588 3882 neque
1614 3785 1769 3872 publicae
1798 3813 1907 3884 usqne

287 3897 442 3984 privatae
464 3896 515 3959 rei
535 3894 602 3957 nisi
620 3895 745 3956 aretati
766 3903 882 3981 aanst.

374 4047 455 4137 Cap.
479 4047 542 4113 xl.
566 4069 666 4135 supra
689 4069 788 4133 quanm
807 4067 849 4108 ne
872 4055 987 4130 optare
1010 4045 1142 4134 quidem
1165 4043 1315 4126 auderet]
1341 4041 1527 4108 Crevier-ins
1551 4063 1617 4104 nou
1641 4055 1719 4128 post
1749 4048 1904 4132 auderet,

290 4162 325 4214 nt
345 4151 563 4240 Durringius,
590 4149 773 4238 {lupentius
796 4161 830 4213 et
852 4147 1019 4214 Belalrcrus
1043 4144 1307 4212 Drakenborebii
1329 4135 1540 4210 annotatione
1562 4143 1692 4233 decepti
1715 4149 1903 4240 perbibent,

289 4252 349 4320 sed
370 4266 448 4340 post
466 4255 601 4346 quidem
619 4251 814 4319 vocobulum
837 4251 1022 4347 quidquam
1043 4249 1114 4315 sire
1138 4251 1317 4342 quicquain
1339 4245 1525 4314 addendum
1547 4269 1622 4314 esse
1643 4250 1783 4316 censuit.
1827 4254 1904 4326 Hoc

287 4357 391 4422 molto
418 4353 624 4444 probabilius
654 4379 728 4421 esse
750 4363 898 4444 apparet.
923 4389 964 4402 —
991 4351 1183 4446 pareretur]
1211 4353 1274 4420 Ed.
1300 4353 1378 4419 Bes.
1401 4375 1433 4418 a.
1459 4351 1551 4422 1554.
1578 4365 1780 4440 pararetur,
1811 4361 1903 4450 qued

287 4461 371 4527 aliae
393 4458 550 4546 deinceps
570 4458 788 4524 retinuerunt.
833 4451 947 4520 lllalira
969 4466 1076 4522 temen
1095 4469 1254 4544 μνοίαν,
1278 4455 1368 4542 qnod
1388 4455 1571 4523 sententiae
1601 4459 1749 4544 generali
1776 4484 1903 4532 aeeon·

286 4563 450 4631 modadus
471 4581 546 4626 esse
569 4559 764 4648 potaverint.

371 4717 454 4806 Cap.
478 4713 561 4780 Xll.
586 4737 623 4778 ee
643 4710 765 4802 oranti]
785 4711 870 4780 cot,
891 4715 1060 4798 adoranti,
1082 4709 1149 4796 eni,
1173 4735 1273 4799 quum
1296 4735 1336 4776 ex
1359 4711 1477 4802 Auo.
1502 4713 1811 4780 (temlerum
1825 4737 1900 4780 esse

287 4819 454 4904 videatur,
484 4829 585 4914 atque
605 4818 717 4882 orarati
738 4814 908 4887 substitui.
936 4815 1009 4884 BG.
1041 4819 1085 4883 B.
1131 4813 1421 4882 Drakenborebius
1452 4826 1485 4881 et
1511 4813 1698 4883 Crevierius
1728 4827 1762 4882 ct
1787 4821 1903 4884 oranti
