4814 5970
1840 673 1914 748 sus

295 843 375 917 tm,-
398 835 433 900 in
454 831 554 902 Iletia
575 833 609 898 iu
633 830 722 900 Livii
742 829 820 898 Lib.
844 831 1015 900 XXXIII.
1040 855 1076 920 p.
1100 829 1178 896 ss7.
1203 827 1246 892 eb
1269 829 1519 894 similitudinem
1540 829 1740 917 syllabus-nm
1763 852 1838 900 sese
1858 855 1915 900 ex·

294 936 488 1026 alpientium
510 935 707 1022 depreeatur
729 945 829 1024 atquc
851 933 896 1002 its
921 933 1141 1024 corrigendus
1162 931 1313 1012 videtne,
1338 944 1373 996 ut
1395 933 1498 997 Pullo
1521 937 1661 1009 amictus
1683 936 1814 1004 ruendo
1836 939 1916 1006 seri-

292 1039 402 1108 secur.
447 1041 561 1128 Atque
584 1061 646 1125 ego
666 1059 801 1127 quoqne
829 1039 918 1104 bnue
948 1040 1059 1106 lecum
1089 1039 1207 1104 laenua
1238 1029 1474 1120 deloruratnnr,
1506 1039 1566 1104 scd
1587 1039 1690 1107 multe
1716 1046 1822 1130 magis
1844 1065 1915 1109 cor·

294 1153 429 1231 ruptum
451 1161 525 1206 csse
545 1139 711 1206 existimo.
734 1139 848 1224 Quum
867 1141 955 1208 euim
975 1140 1010 1204 in
1031 1139 1146 1206 codiee
1171 1141 1308 1228 saepius
1331 1141 1383 1206 uel
1407 1141 1551 1228 singulo,
1576 1142 1625 1206 vel
1647 1143 1740 1228 plura
1757 1143 1915 1212 vocabula

293 1267 356 1333 per
378 1241 642 1331 inexplicabilem
664 1243 791 1310 librarii
812 1267 956 1310 errorem
982 1241 1231 1324 interciderint,
1252 1241 1338 1306 idem
1361 1243 1416 1308 lrie
1439 1267 1572 1332 quoquc
1599 1245 1773 1328 accidisse,
1797 1259 1914 1316 totum·

296 1371 362 1438 quc
385 1347 492 1414 locum
516 1347 560 1412 ita
582 1346 807 1436 supplendum
827 1371 901 1414 csse
922 1350 1095 1438 suspicor=
1112 1345 1213 1412 Pullo
1237 1347 1390 1427 amictam,
1403 1351 1566 1432 promisso
1590 1349 1697 1420 barbo
1717 1364 1750 1418 et
1772 1355 1910 1442 capillo,
2042 1373 2047 1400 t

294 1453 444 1519 Perseus
464 1453 634 1541 ingressus
656 1462 707 1516 cst
728 1461 855 1532 custrc,
881 1463 945 1518 etc.
998 1450 1158 1517 Similiter
1185 1447 1260 1512 Liv.
1285 1447 1332 1530 Il,
1358 1447 1412 1514 23.
1435 1453 1496 1516 Aa
1520 1451 1581 1519 Iroc
1609 1459 1776 1543 promissa
1806 1459 1914 1528 burbe

296 1567 330 1626 st
351 1554 717 1648 cupillieffcruuernnt
738 1555 880 1641 speciem
902 1557 982 1638 oris,
998 1565 1044 1640 et,
1062 1553 1119 1644 qui
1142 1554 1235 1620 locus
1259 1553 1298 1618 ad
1322 1553 1421 1635 bunc,
1446 1555 1485 1618 dc
1508 1578 1575 1644 que
1596 1557 1738 1644 agimus,
1763 1561 1913 1648 proxime

295 1659 435 1744 aceedit,
457 1657 588 1742 XLIV,
611 1655 662 1724 19.
685 1657 875 1738 Sordidnti,
900 1656 1006 1722 tarta
1029 1669 1063 1725 ct
1084 1659 1203 1748 eupillo
1221 1661 1407 1748 promisso,
1431 1683 1504 1726 cnm
1526 1667 1630 1728 rumis
1654 1665 1748 1734 olene
1771 1671 1916 1758 ingressi

296 1769 441 1846 curium,
470 1763 733 1850 procubuerunt.
784 1761 959 1828 Prsctcrca
988 1761 1031 1826 el.
1067 1761 1142 1830 Lis.
1175 1759 1316 1844 vt,16.
1347 1774 1381 1828 et
1410 1761 1563 1845 XXVII,
1587 1764 1640 1830 34.
1686 1769 1801 1858 Atque
1830 1771 1914 1838 banc

295 1870 402 1956 ipsam
426 1866 469 1932 ob
490 1889 620 1934 causam
642 1863 812 1932 vocabulis
835 1868 975 1933 amictus
990 1875 1031 1930 et
1054 1865 1111 1931 illo
1139 1863 1173 1930 in
1197 1862 1299 1928 altera
1322 1861 1410 1928 Livii
1441 1864 1587 1931 editione
1617 1866 1754 1935 lacunae
1782 1872 1913 1958 signnm

295 1970 493 2059 interposui.
521 2005 563 2017 -
593 1967 697 2036 donee
727 1969 844 2036 consul
866 1968 1001 2036 lictores
1025 1968 1191 2051 misisset,
1225 1967 1284 2056 qni
1307 1967 1534 2034 submovendo
1558 1969 1620 2036 iter
1648 1969 1688 2034 ad
1712 1973 1913 2060 praetorium

296 2075 461 2160 lucerent]
492 2073 576 2140 eod.
602 2074 707 2140 donce
726 2097 748 2138 u
771 2074 908 2140 consule
930 2074 1063 2141 lictores
1085 2075 1252 2138 misissent
1280 2075 1341 2163 qni
1364 2084 1526 2141 summoto
1559 2076 1624 2140 iter
1642 2075 1688 2140 ud
1706 2079 1914 2164 praetorium

292 2181 457 2270 fecerent.
494 2176 666 2264 Scriptura
692 2173 831 2254 codicis,
849 2173 883 2238 id
904 2177 993 2264 quod
1010 2175 1197 2262 Grpnacnm
1220 2199 1285 2240 non
1302 2174 1429 2241 vidisse
1445 2177 1547 2242 mirer
1562 2201 1599 2244 ac
1621 2201 1726 2266 paene
1741 2179 1912 2266 indignor,

294 2286 424 2354 siuecra
448 2291 499 2346 est
521 2291 554 2345 ct
572 2279 720 2366 integra,
752 2277 930 2344 dummodo
957 2279 1122 2344 misissem
1151 2279 1186 2346 iu
1216 2283 1309 2346 missi
1335 2293 1444 2347 essent
1464 2269 1618 2348 mntelur.
1644 2285 1687 2348 B.
1743 2274 1912 2350 Librarius

294 2389 429 2478 saepius
451 2385 496 2450 ita
518 2405 694 2472 peccasse,
723 2395 758 2448 ut
781 2383 846 2449 dno
869 2383 1026 2450 vocabula
1049 2385 1082 2449 in
1112 2407 1213 2450 unum
1239 2383 1422 2451 coalescere
1445 2397 1655 2472 peterentur,
1680 2386 1712 2450 in
1735 2387 1911 2452 Aunotstt.

293 2495 336 2559 ad
359 2489 510 2559 Sallustii
538 2486 615 2552 Lib.
645 2485 710 2552 III.
743 2486 940 2574 Fragmenta
972 2510 1006 2575 p.
1035 2485 1090 2552 81.
1123 2497 1156 2552 et
1186 2485 1297 2575 Epist.
1328 2486 1368 2551 ad
1397 2485 1502 2551 Orcll.
1537 2509 1570 2572 p.
1596 2485 1649 2551 30.
1684 2485 1801 2570 docui,
1823 2499 1855 2552 et
1878 2485 1913 2552 id

292 2593 416 2682 ipsum,
438 2588 526 2678 quod
549 2587 603 2654 Iric
622 2587 756 2672 sustuli,
776 2588 892 2654 uitium
913 2587 1013 2652 etiam
1034 2587 1109 2653 Liv.
1135 2587 1226 2675 Epit.
1245 2587 1449 2654 XXXVIII.
1463 2589 1638 2675 reperitur,
1664 2589 1722 2654 ubi
1745 2591 1811 2656 vid.
1828 2613 1913 2680 quae

291 2691 583 2762 Drakenborclrins
606 2689 787 2756 annotavit.
833 2687 1210 2774 Beumgsrteu·(irusins
1240 2713 1373 2780 quoqne
1404 2691 1489 2758 bane
1512 2692 1773 2757 emendationem
1796 2695 1912 2782 proba·

293 2795 354 2876 rit,
378 2792 438 2856 scd
460 2791 540 2854 mibi
561 2789 711 2855 submoto
733 2811 795 2876 pro
817 2787 1040 2854 submonendo
1071 2789 1249 2874 scribenti,
1284 2817 1386 2882 quum
1408 2794 1491 2859 illnd
1515 2817 1640 2858 merum
1663 2793 1825 2882 longioris
1849 2797 1912 2861 lor·

294 2903 365 2962 mue
388 2889 620 2982 compendium
644 2889 710 2979 ipsi
731 2889 917 2974 videretur,
946 2913 1012 2955 non
1035 2891 1158 2978 per-uit.
1204 2890 1337 2960 Utinam
1367 2895 1543 2984 posuisset.
1589 2896 1681 2962 Scito
1711 2899 1819 2980 enim,
1846 2897 1911 2964 Ilo·

294 3019 429 3080 munos,
458 2995 493 3062 id
524 2993 612 3082 qnod
642 3015 683 3058 ex
713 2990 787 3058 Lis.
810 2991 928 3075 XXV,
950 2991 980 3059 3.
1004 2993 1062 3058 ubi
1090 2991 1279 3080 Belrlrerns,
1309 2997 1556 3087 praepositione
1586 3004 1622 3066 in
1652 2999 1792 3104 unirer,
1822 3015 1913 3070 reete

294 3101 417 3169 edidits
439 3123 503 3188 pes·
522 3119 665 3164 uucnnsss
687 3107 847 3162 summoto
869 3098 978 3164 locum
1000 3121 1103 3164 cuneo
1126 3103 1335 3190 irruperunt,
1356 3113 1389 3167 et
1405 3099 1576 3194 XXVIII,
1590 3103 1644 3168 27.
1670 3105 1726 3170 ubi
1749 3117 1911 3174 ansnsnsts

199 3251 203 3260 .
293 3199 504 3272 incesserunt
531 3199 670 3287 legitur,
700 3211 800 3288 atquc
829 3197 990 3268 Gronosii
1018 3212 1051 3267 ct
1072 3203 1334 3270 Drakenborclrii
1366 3205 1635 3272 annotationibus
1666 3207 1706 3272 sd
1735 3207 1796 3274 bos
1816 3209 1911 3276 locos

293 3305 505 3392 intelligitur,
523 3303 685 3368 summoto
709 3303 864 3370 incedere
885 3303 1029 3370 breviter
1050 3303 1176 3370 dixisse
1205 3329 1266 3394 pro
1289 3307 1413 3396 populo
1435 3333 1499 3396 per
1518 3311 1665 3376 uiatores
1691 3320 1751 3376 nsst
1776 3309 1913 3378 lictores

292 3421 453 3481 scotaneto
475 3408 646 3472 incederes
671 3405 781 3494 quod,
804 3430 907 3497 quum
930 3405 1063 3473 verbum
1085 3431 1292 3478 summouere
1315 3410 1355 3476 dc
1379 3421 1519 3498 utroque
1542 3412 1765 3500 apparitorum
1789 3433 1913 3500 genere

291 3513 465 3605 proprium
488 3533 561 3574 csse
585 3519 726 3592 constet,
747 3532 843 3576 nemo
865 3511 1048 3579 mirabitur.
1094 3515 1172 3581 Alta
1194 3517 1257 3583 bne
1278 3519 1479 3605 pertinentia
1502 3519 1586 3583 inira
1610 3520 1650 3584 ad
1676 3543 1747 3608 cap.
1770 3519 1824 3584 29.
1855 3519 1911 3584 ds·

294 3618 414 3688 bimus.
438 3655 481 3670 ·-
503 3639 563 3682 nce
586 3616 756 3703 adtingere
777 3637 884 3702 genus
903 3621 1039 3705 passus]
1063 3619 1149 3685 Cod.
1173 3633 1277 3711 negot
1297 3625 1443 3718 ingenuo
1462 3645 1595 3712 pussns,
1621 3645 1706 3710 quse
1722 3621 1909 3710 Grynacna,

293 3724 394 3792 serbo
418 3723 584 3810 attingere
606 3741 647 3785 ex
669 3718 857 3785 coniectura
877 3719 1044 3801 restituto,
1067 3721 1190 3809 optime
1214 3723 1410 3792 emendavit.
1433 3764 1475 3776 —
1494 3723 1666 3790 considere
1689 3723 1802 3802 iussit]
1823 3721 1909 3790 cot.

293 3827 467 3898 eosnidere
489 3827 653 3892 aduersus
675 3827 730 3908 sit,
754 3823 914 3892 vocabulo
932 3825 1094 3893 aduersus
1116 3849 1159 3894 ex
1179 3829 1454 3915 praecedentibus
1475 3828 1617 3917 repetite
1638 3837 1672 3894 et
1694 3825 1793 3892 serbo
1815 3829 1914 3894 iussit

293 3937 330 4002 ln
351 3937 397 4002 sit
421 3940 590 4017 corrupto.

377 4051 460 4140 Cup.
483 4045 583 4114 VIII.
606 4046 825 4138 percontatio]
847 4045 976 4136 Scripsi
993 4047 1238 4137 percunctatio,
1260 4055 1297 4110 ut
1318 4043 1411 4128 alibi,
1435 4042 1526 4133 quod
1548 4041 1678 4108 liritaiu
1706 4041 1747 4106 ad
1769 4039 1907 4106 Sallust.

291 4155 365 4224 Cat.
388 4179 462 4244 cap.
483 4149 537 4217 10.
561 4151 669 4218 minus
690 4151 861 4240 probatur.
883 4187 925 4202 -
947 4151 1014 4217 vim
1037 4149 1141 4236 belle]
1165 4149 1216 4215 Ea
1235 4147 1493 4218 Drakenborcbii
1516 4145 1705 4214 coniectura
1726 4143 1760 4210 in
1782 4142 1910 4210 minore

292 4247 380 4328 Livii
403 4253 546 4322 editione
568 4261 601 4320 et
619 4257 687 4320 uisas
710 4257 745 4320 ias
768 4255 865 4338 bello,
889 4265 923 4323 et
941 4253 1040 4344 fidens
1060 4257 1095 4321 in
1112 4279 1209 4344 paee,
1232 4253 1442 4319 scribendum
1465 4271 1539 4316 csse
1560 4247 1685 4340 putavi.
1708 4285 1750 4300 -·
1769 4248 1909 4338 populo·

289 4363 378 4446 inm]
403 4358 491 4425 Iluic
520 4357 554 4422 in
583 4357 683 4423 altera
706 4357 796 4424 Livii
823 4357 981 4442 editione,
1004 4357 1128 4442 addita,
1158 4377 1242 4447 qnae
1264 4355 1480 4440 desideratur,
1504 4355 1636 4444 copula,
1662 4363 1694 4420 et
1711 4351 1909 4442 populorsssss

293 4465 462 4537 substitui.
484 4497 526 4514 ·-
546 4459 637 4528 llaec
659 4459 787 4529 Graeco
807 4485 957 4529 sermone
973 4462 1112 4547 Perseo]
1134 4461 1218 4526 Cod.
1237 4461 1320 4528 lance
1339 4483 1462 4552 praeco
1483 4481 1637 4527 ammone
1657 4479 1718 4524 sess
1742 4479 1823 4523 cusu
1847 4457 1910 4542 per·

265 4595 368 4660 taen.
415 4563 586 4634 Librarius
615 4562 698 4630 miro
728 4589 807 4632 sane
829 4588 942 4634 errore
969 4565 1083 4656 lapsus
1109 4587 1170 4632 sen
1196 4587 1277 4630 cusu
1303 4585 1345 4628 cs
1363 4560 1493 4629 verbine
1515 4563 1587 4627 sine
1614 4581 1729 4626 essere
1749 4557 1907 4638 burum
1936 4594 1942 4608 -

292 4694 352 4743 sen
375 4691 468 4752 cusas,
491 4689 577 4756 quac
598 4666 813 4753 praecedunt,
836 4675 957 4734 temere
979 4667 1123 4755 repetiit.
1146 4701 1186 4716 -
1209 4665 1290 4754 quid
1313 4667 1549 4756 resperserat]
1579 4663 1663 4732 cod.
1687 4663 1771 4758 puisi
1789 4681 1907 4749 neapes

291 4779 394 4870 feret.
439 4771 608 4840 Belslscrns
629 4767 791 4836 vocabolo
812 4794 932 4858 uesper
951 4767 1090 4838 lacunae
1112 4768 1245 4857 signum
1277 4771 1444 4862 apposnit,
1466 4769 1563 4860 qussi
1590 4789 1688 4837 serus
1717 4766 1761 4834 sit
1788 4765 1907 4832 addeu-
