4814 5970
1843 709 1915 780 161

295 889 359 958 pro
378 886 446 956 quo
468 865 570 936 Frels.
594 865 626 932 1.
649 875 760 932 sotera
785 861 852 932 118
862 863 971 948 offert,
995 863 1027 930 iu
1051 865 1166 934 codice
1189 867 1347 934 omissum
1372 878 1435 950 est,
1457 879 1492 934 et
1514 889 1588 955 esp.
1608 865 1662 932 11.
1686 867 1743 935 elei
1766 890 1828 960 pre
1850 892 1917 937 ses·

299 975 435 1040 tes-tinus
468 973 641 1040 dnemties
670 970 705 1036 ie
728 967 844 1036 codiee
865 968 906 1036 lt
928 958 965 1036 ec
988 981 1021 1036 et
1042 969 1076 1034 in
1097 965 1200 1034 Frola.
1225 969 1254 1032 l.
1278 968 1347 1038 118
1367 970 1537 1036 ducenties
1560 968 1697 1056 legitur,
1728 967 1918 1037 Gronovius

296 1065 381 1142 'silsll
407 1073 556 1141 metavit.
607 1072 789 1162 Propterea
812 1069 866 1138 lsie
888 1092 1023 1160 quoque
1046 1096 1063 1136 ι
1087 1068 1213 1137 codicis
1235 1069 1397 1159 scripture
1421 1093 1487 1136 uon
1511 1069 1746 1138 discedendum
1774 1072 1916 1139 ridetur.

297 1175 352 1244 Gi.
376 1176 536 1244 Garatuu.
558 1175 599 1242 ad
618 1173 692 1242 cn.
717 1173 865 1263 Philipp.
888 1174 936 1254 ll,
961 1175 1013 1240 lli.
1037 1173 1136 1240 Τοιιι.
1160 1173 1190 1238 l.
1211 1197 1247 1265 p.
1269 1171 1344 1240 287.
1370 1173 1649 1242 ed.Weresdorl.
1666 1211 1706 1226 -
1726 1196 1827 1263 quem
1847 1174 1919 1243 lite·

296 1303 351 1350 res
379 1281 419 1347 ala
447 1303 527 1369 rege
557 1265 683 1349 Perseo
713 1301 774 1368 per
802 1278 968 1367 ignobiles
996 1291 1063 1346 tres
1084 1277 1213 1366 legatos
1240 1276 1404 1361 cerneret]
1428 1275 1513 1342 cod.
1539 1276 1682 1357 litterae,
1706 1275 1821 1342 vecula
1844 1299 1918 1342 cnse

297 1384 431 1452 omissa.
477 1381 666 1450 Crevieries
689 1382 731 1447 ad
748 1381 867 1448 verber
893 1407 995 1479 qnnm
1018 1385 1134 1451 literas
1155 1387 1196 1450 ob
1217 1407 1296 1472 repe
1313 1385 1453 1468 Perseo,
1468 1382 1548 1450 leaeo
1569 1381 1757 1448 annotavita
1780 1381 1918 1467 „Sonti-

296 1489 343 1555 cit
363 1485 512 1555 lllnretue
534 1491 671 1554 missure
696 1509 781 1576 qnae
803 1507 868 1552 vox
890 1485 1075 1551 necessaria
1097 1483 1241 1571 videtur,
1257 1486 1309 1555 vel
1326 1487 1492 1552 eltutus.“
1534 1485 1700 1573 Equidem
1723 1483 1917 1574 putaverim,

297 1594 423 1660 ottone
447 1615 465 1657 a
488 1589 650 1660 vocabulo
674 1589 813 1680 lepetoe,
838 1588 926 1676 quod
954 1587 1117 1677 sequitur,
1146 1589 1365 1678 interceptum
1394 1611 1479 1652 esse.
1504 1625 1545 1638 -
1568 1587 1801 1668 contendente]
1832 1583 1916 1652 Cod.

298 1699 519 1778 obtendente,
542 1693 648 1762 literis
668 1693 720 1760 cle
741 1689 900 1774 inductis,
924 1691 958 1756 id
980 1690 1070 1780 quod
1094 1691 1280 1780 Gryuaeum
1302 1691 1401 1778 legit.
1446 1689 1617 1755 Librarius
1640 1689 1740 1768 enirn,
1758 1711 1857 1776 quens
1877 1687 1920 1752 ud

296 1801 493 1869 vocabulum
515 1799 730 1880 ,clementium
759 1795 966 1877 recurrisset,
993 1795 1066 1885 ipsc
1096 1795 1306 1884 significavit,
1336 1795 1490 1862 tendente
1518 1818 1591 1860 esse
1619 1793 1808 1882 legendum.
1841 1789 1917 1860 ΒΟ.

295 1905 340 1972 B.
385 1904 443 1969 Sic
466 1901 580 1968 Livius
603 1898 796 1990 saepissime
825 1899 986 1987 loquitur,
1008 1897 1111 1964 veluti
1138 1898 1186 1980 X,
1208 1898 1262 1962 tl.
1286 1922 1322 1965 se
1352 1899 1488 1966 tendere
1508 1897 1594 1963 ntttt
1613 1896 1718 1977 ultre,
1742 1919 1843 1991 qnam
1865 1903 1916 1978 nt,

295 2007 327 2073 si
347 2027 384 2072 se
405 2007 541 2097 dipnuus
561 2005 738 2093 provincie
761 2003 933 2087 ducerent,
957 2005 992 2068 in
1014 2027 1090 2068 eom
1111 2006 1291 2070 mitterent.

381 2139 463 2230 Cep.
485 2137 532 2204 V.
557 2149 594 2204 ut
616 2135 681 2202 silei
704 2134 819 2224 paucis
842 2133 1043 2224 adloquendi
1065 2135 1183 2224 populi
1207 2145 1402 2223 potestatem
1431 2134 1591 2222 iacerent]
1614 2131 1699 2200 cod.
1730 2145 1767 2202 nt
1793 2133 1915 2201 sibi...

296 2245 567 2338 ..adloquendi
588 2253 652 2308 etc.
698 2239 789 2306 llaec
811 2239 847 2304 iu
870 2237 985 2304 codice
1006 2237 1156 2328 reperiri,
1172 2237 1365 2329 liopitarius
1386 2261 1448 2328 per
1469 2236 1580 2304 literas
1604 2237 1684 2303 milei
1705 2236 1916 2326 significavit.

296 2349 468 2436 Grynaces
495 2343 598 2432 igitur
624 2341 821 2410 vocabulum
847 2344 965 2431 pennis
993 2340 1173 2430 supplevit.
1198 2377 1239 2390 ·-
1259 2341 1418 2431 pollutam
1448 2340 1615 2412 homicida
1638 2340 1799 2430 sangnine
1827 2339 1918 2430 regis

295 2448 457 2516 Eumenis
480 2445 629 2532 violavit]
652 2445 735 2512 Ced.
757 2445 854 2533 pelei
874 2469 959 2526 enan,
983 2444 1073 2534 quod
1095 2446 1130 2510 iu
1149 2445 1256 2534 pelini
1283 2470 1358 2512 ense
1385 2456 1544 2512 metatum
1575 2469 1650 2514 cum
1676 2447 1778 2514 verlso
1803 2448 1919 2514 sinetis

296 2549 566 2636 coniungendam
588 2569 663 2614 esse
686 2561 835 2636 apparet.
891 2547 1073 2638 Propterea
1101 2546 1226 2616 codicis
1252 2547 1438 2614 auctoritati
1466 2547 1645 2614 obsecutus
1675 2548 1781 2616 edidit
1811 2549 1921 2638 pelini

296 2675 371 2748 euno
391 2653 572 2733 homicide,
591 2651 730 2718 hennae
752 2651 848 2737 siguo
874 2651 927 2715 lais
950 2650 1060 2716 verbio
1091 2650 1258 2740 apposito.
1287 2649 1363 2716 BC.
1383 2653 1427 2718 Β.
1473 2651 1582 2734 Quoue
1609 2650 1759 2718 lacunam
1788 2653 1833 2718 ite
1865 2675 1919 2718 ex·

296 2753 382 2844 pleri
405 2775 504 2840 posse
528 2750 695 2838 putabam,
719 2761 755 2816 ιιι
776 2749 818 2814 lo·
843 2749 942 2815 Atilii
965 2750 1062 2815 verba
1086 2751 1118 2816 in
1141 2751 1230 2819 laune
1252 2751 1392 2816 maxime
1408 2750 1572 2822 ,ordinem
1601 2753 1814 2840 redigantura
1847 2753 1919 2822 Cnr

295 2859 400 2948 ipitoo·
427 2854 535 2936 pollui
562 2877 636 2920 eum
664 2855 706 2921 ob
733 2851 914 2934 loomicidn,
945 2854 1006 2946 qni
1030 2851 1179 2942 Delplsoe
1207 2856 1371 2944 sunguine
1399 2858 1489 2945 repis
1510 2857 1672 2925 Esemenie
1696 2857 1846 2940 uiolauit,
1870 2869 1922 2942 et,

296 2982 400 3054 quum
421 2957 526 3022 oannis
544 2955 713 3044 praefatio
733 2976 908 3019 suerornns
930 2973 1000 3036 ees,
1023 2953 1144 3044 pnilnn
1165 2979 1234 3022 non
1258 2960 1327 3025 siret
1354 2981 1464 3046 pnrne
1491 2982 1631 3044 menne,
1651 2962 1759 3026 suern
1788 2971 1916 3046 urcem,

294 3083 354 3128 uos
374 3058 568 3148 penetralia
589 3066 704 3124 uestro
725 3059 949 3170 ιοιιιιιιιιίιιιϊιΙ
969 3065 1105 3122 cencede
1129 3055 1269 3128 latronis
1291 3083 1427 3150 corpore
1456 3062 1593 3128 sinens?
1634 3061 1723 3127 lluic
1752 3061 1917 3129 coniectu·

295 3191 353 3238 rue
375 3169 499 3250 lavent,
521 3177 558 3232 ιιι
579 3165 712 3253 opinor,
732 3189 800 3230 nea
819 3163 926 3230 solum
947 3187 998 3247 ee,
1021 3187 1106 3253 quse
1126 3161 1239 3246 XLll,
1262 3161 1315 3228 16.
1336 3174 1370 3228 et
1391 3161 1441 3228 16.
1463 3175 1649 3248 narrentur,
1666 3165 1727 3232 sed
1745 3164 1841 3233 etiam
1865 3189 1916 3250 ea,

296 3293 381 3362 qnae
400 3269 456 3336 leie
477 3268 626 3356 proxime
648 3280 851 3357 sequuntur:
873 3267 1010 3336 Nobilis
1031 3263 1126 3353 somn
1146 3277 1223 3332 eret
1243 3266 1336 3353 epnd
1355 3289 1468 3332 omnes
1493 3266 1659 3335 Grnecioe
1681 3270 1829 3338 ciuitates
1848 3271 1918 3336 En·

295 3381 401 3444 menis
412 3376 502 3464 repis
513 3397 575 3463 per
585 3375 789 3440 Euandrum
804 3371 947 3460 Delphis
957 3395 1064 3460 prope
1077 3380 1272 3462 perpetratu
1290 3369 1423 3451 coedes,
1439 3379 1539 3456 atque
1556 3369 1708 3436 similiter
1722 3370 1756 3435 in
1769 3383 1917 3438 extreme

297 3480 405 3570 eapite
426 3476 493 3542 duo
515 3475 723 3542 sanctissima
746 3474 898 3542 interris
922 3472 1043 3562 templa
1065 3476 1229 3565 snstpnine
1245 3473 1390 3538 inmotae
1411 3471 1538 3538 uiolato
1552 3472 1718 3540 dicuutur.
1743 3473 1918 3542 Weissen-

295 3582 433 3653 leoruius
455 3589 568 3646 eontra
591 3575 700 3642 Lectt.
724 3574 799 3641 Lis.
821 3573 914 3640 Part.
937 3573 968 3639 l.
991 3595 1025 3660 p.
1049 3573 1103 3642 26.
1128 3573 1288 3663 „Neque,
1313 3573 1434 3663 inquit,
1450 3573 1567 3656 XLV,
1582 3575 1617 3655 t,
1638 3576 1670 3638 1.
1692 3577 1917 3646 necessarium

295 3682 516 3778 putav.1).
540 3679 811 3758 additamentum,
838 3675 953 3743 Melet.
977 3677 1078 3765 Spec.
1110 3675 1140 3742 1.·
1167 3699 1203 3765 p.
1234 3676 1289 3742 26.
1321 3677 1548 3768 propositums
1580 3679 1621 3744 ui
1650 3681 1829 3764 lensioido,
1860 3685 1920 3772 qni

294 3789 448 3880 Delphos
468 3786 632 3875 sanquine
653 3784 741 3872 repis
762 3784 922 3847 Eumenis
943 3781 1092 3846 uiolauit.
1138 3777 1206 3846 Sed
1230 3803 1304 3845 cum
1335 3781 1444 3869 aptius
1467 3781 1593 3848 Atilius
1616 3783 1725 3850 scelus
1746 3783 1830 3850 illud
1853 3809 1917 3852 ms·

297 3893 350 3984 pis
372 3887 549 3979 significet,
572 3908 671 3974 quana
694 3885 816 3951 diserte
838 3884 995 3966 declaret,
1018 3907 1127 3974 neque
1148 3884 1278 3969 Livius,
1301 3887 1392 3976 quod
1414 3888 1541 3955 Asilius
1564 3875 1627 3956 iana
1651 3891 1790 3976 dixerat,
1814 3891 1917 3980 expli·

297 4009 425 4081 cesset,
449 3993 575 4062 Atilius
604 4001 714 4058 aetem
742 3991 905 4058 rhetorice
934 4013 1002 4057 rem
1030 4014 1154 4080 augens
1178 3989 1375 4058 homicidam
1405 4003 1559 4082 tanquam
1587 3993 1780 4081 adspersum
1810 3993 1917 4060 adhue

296 4099 388 4190 regis
409 4095 568 4184 sanguine
591 4094 751 4185 templum
774 4093 914 4162 intrasse
936 4094 1051 4184 linget,
1075 4095 1162 4162 sient
1189 4093 1300 4182 paullo
1328 4105 1404 4183 post
1433 4095 1533 4161 dicit:
1563 4106 1748 4164 eruente
1771 4097 1916 4164 latronis

297 4227 452 4293 corpure,
472 4201 582 4268 locem
602 4201 646 4266 ita
669 4198 847 4288 legendum
869 4211 969 4290 petor
993 4223 1056 4268 cnr
1074 4201 1179 4291 iqitnr
1202 4205 1241 4248 ·'-
1262 4198 1373 4287 pollui
1393 4222 1467 4265 enan
1487 4197 1666 4280 homicide,
1689 4201 1916 4288 repellens

296 4311 351 4376 nis
371 4305 534 4393 senpnine
554 4303 697 4388 uiolari,-
722 4313 757 4368 et
777 4313 1037 4387 cnm-orceet,
1060 4324 1118 4368 uos
1138 4299 1327 4388 penetralia
1349 4310 1464 4366 vestre
1485 4303 1709 4368 contaminari
1724 4337 1764 4350 -
1779 4302 1917 4370 sinetis?

298 4411 349 4478 lte
376 4409 514 4476 uiolauit
535 4405 568 4470 in
591 4407 717 4472 uiolari
737 4417 861 4472 mutato
891 4406 1018 4472 uellem
1049 4417 1200 4494 superest
1227 4403 1363 4470 lacunae
1394 4403 1591 4491 vestigium
1617 4426 1726 4492 neque
1753 4426 1838 4491 opus
1865 4415 1917 4470 est

297 4515 340 4582 et
361 4509 527 4580 laomicide
549 4531 624 4575 cnm
648 4509 841 4597 lircyssigio
864 4510 1019 4593 scribere,
1044 4507 1135 4597 quod
1155 4530 1221 4572 noe
1245 4516 1371 4587 auctor,
1390 4507 1448 4574 scd
1469 4531 1587 4574 causae
1611 4505 1700 4597 quod
1723 4520 1792 4575 erat
1813 4507 1916 4574 lomi·

297 4617 384 4701 cide,
406 4613 582 4696 indicetur,
605 4621 641 4676 ιιι
671 4609 782 4697 peullo
805 4621 899 4700 post:
929 4624 1068 4679 cruento
1099 4633 1249 4698 corpere,
1279 4610 1322 4676 el'.
1351 4607 1451 4678 llotls.
1479 4609 1620 4676 Excurs.
1651 4610 1732 4677 XV.
1761 4611 1803 4676 ed
1829 4605 1913 4676 Tac.

298 4719 413 4804 ΑΨ(
457 4713 580 4799 Aptius
611 4710 740 4791 saltem,
764 4709 794 4774 si
823 4731 927 4776 meam
958 4712 1129 4778 admiseris
1158 4715 1393 4798 coniecturam,
1423 4715 1554 4805 singula
1583 4715 1742 4784 oretiouis
1772 4711 1916 4779 membre

201 4819 208 4829 ’
297 4819 386 4888 iute'r
406 4843 442 4886 se
463 4815 697 4898 cohaerebunt,
720 4835 829 4902 neque
852 4835 938 4902 opus
961 4815 1023 4882 erit
1048 4840 1066 4880 a
1090 4815 1213 4883 codicis
1236 4817 1400 4907 scriptura
1431 4817 1475 4884 itu
1499 4819 1682 4904 discedere,
1715 4831 1751 4885 ιιι
1778 4817 1918 4886 uiolauit
