4770 5994
1827 681 1870 752 II

264 840 380 926 fretum
414 867 505 924 regem
535 841 702 927 illyriorum
732 863 787 926 pro
815 841 888 902 locis
920 843 1156 924 munimentisque
1174 842 1293 926 fretam
1326 858 1437 925 gentem
1470 841 1644 928 Illyriorum
1673 853 1703 904 et
1729 865 1793 928 οιρ.
1823 843 1877 904 bl.

272 969 391 1006 munera
415 949 471 1008 sibi
493 951 549 1030 ipsi
570 947 627 1006 emi
648 969 703 1007 non
727 949 753 1006 si
774 969 832 1006 esse
852 965 907 1026 pro
929 939 1057 1004 munera
1071 941 1127 1002 sibi
1148 948 1203 1026 ipsi
1224 948 1281 1005 emi
1303 969 1361 1006 non
1382 948 1467 1024 sisseq
1491 945 1599 1006 deiude
1621 944 1702 1018 XLI,
1718 951 1769 1010 23.
1791 969 1878 1028 quem

271 1051 380 1134 populo
405 1077 529 1114 romano
556 1055 639 1135 prius
665 1075 778 1134 poenae
804 1075 892 1135 quam
918 1055 998 1134 regni
1018 1049 1149 1112 beredem
1164 1046 1305 1133 futurum
1327 1048 1436 1108 sciebat
1458 1068 1513 1129 pro
1534 1071 1616 1131 quem
1640 1047 1748 1110 bostem
1769 1047 1879 1132 populo

272 1152 412 1218 Romano
432 1162 514 1240 prius
533 1179 625 1239 paene
645 1181 736 1238 quam
759 1159 840 1237 regni
861 1138 991 1215 heredem
1005 1151 1145 1237 futurum
1177 1153 1300 1230 screbat,
1333 1155 1430 1230 XLII,
1456 1163 1505 1222 15.
1527 1159 1635 1238 sopitus
1657 1159 1707 1240 qui
1728 1157 1835 1216 exemit
1858 1179 1877 1216 a
1947 1203 1954 1220 .

272 1261 410 1343 procliuit
432 1267 461 1320 in
484 1260 593 1322 decline
614 1283 667 1344 pro
690 1267 852 1345 sopitusque
878 1287 919 1322 en·
940 1264 1043 1320 semita
1069 1257 1196 1341 proclivi
1224 1261 1281 1318 ruit
1303 1263 1333 1318 in
1356 1257 1479 1334 declive,
1503 1283 1568 1344 cap.
1594 1271 1644 1326 51.
1667 1286 1707 1324 ex
1728 1265 1809 1324 omni
1829 1285 1880 1323 ce-

273 1383 416 1428 tratorum
449 1391 566 1426 numero
593 1365 650 1427 duo
676 1381 760 1426 erant
782 1365 909 1446 bagema
931 1364 1009 1424 banc
1034 1365 1091 1444 ipsi
1111 1361 1252 1446 legionem
1275 1363 1421 1424 uocabant
1443 1386 1497 1446 pro
1518 1387 1559 1426 ex
1580 1369 1661 1426 omisi
1682 1381 1880 1426 caetratorum

275 1495 393 1532 numero
415 1471 471 1531 diro
494 1470 579 1532 milia
601 1487 699 1530 erant:
723 1494 829 1552 agema
852 1469 930 1528 banc
951 1471 1007 1550 ipsi
1029 1466 1169 1548 legionem
1190 1465 1349 1540 vocabant,
1383 1488 1447 1550 cop.
1470 1473 1520 1530 65.
1542 1469 1611 1531 Ituic
1631 1469 1670 1530 ab
1692 1469 1755 1550 lege
1776 1469 1881 1530 bracae

165 1610 170 1622 =
273 1580 382 1660 pinnae
403 1591 459 1636 tres
481 1575 557 1637 uelut
579 1578 694 1657 sagittis
714 1571 806 1634 solent
829 1569 1143 1656 circumfundebantur
1164 1595 1219 1656 pro
1242 1572 1309 1633 huic
1330 1573 1471 1656 abiegnae
1491 1575 1586 1635 breues
1605 1579 1715 1659 pinnae
1737 1593 1803 1649 tres,
1816 1573 1879 1635 vel-

276 1698 306 1739 ut
333 1683 447 1762 sagittis
474 1679 582 1755 solent,
612 1676 885 1750 circumdabantur,
915 1675 985 1735 ibid.
1016 1679 1138 1736 maioris
1165 1679 1229 1736 sinu
1256 1698 1312 1760 pro
1331 1677 1441 1737 maiori
1463 1679 1527 1740 sive
1550 1681 1649 1762 potius
1673 1683 1786 1740 maiore
1807 1681 1880 1754 nisu,

276 1787 386 1860 XLIII,
408 1791 438 1846 7.
462 1807 550 1868 quam
572 1785 632 1841 sine
653 1777 828 1840 decedantar
848 1779 891 1836 sie
913 1774 991 1859 quod
1011 1799 1066 1859 pro
1093 1803 1181 1862 quom
1193 1776 1262 1864 fide
1283 1777 1441 1856 decedant,
1464 1781 1521 1858 sic,
1544 1781 1636 1865 quod,
1660 1783 1772 1858 XLIV,
1796 1794 1826 1848 6.
1849 1783 1881 1841 in

276 1883 369 1946 classe
390 1891 463 1947 iusto
485 1889 512 1946 ci
534 1885 709 1966 demigrasse
728 1881 859 1967 pydnam
884 1883 960 1962 cogit
983 1903 1036 1962 pro
1056 1881 1169 1944 incolas
1192 1887 1250 1942 eius
1271 1879 1331 1944 Ioci
1353 1881 1518 1965 demigrare
1540 1881 1676 1968 Pydnam
1699 1889 1791 1966 cogit,
1815 1907 1880 1966 cap.

278 1995 329 2049 11.
353 1993 382 2048 in
406 1987 483 2049 altus
505 1985 705 2070 magnitudine
726 1985 796 2046 atlio
818 2007 901 2044 mons
922 2005 976 2064 pro
1003 1983 1119 2045 inclitus
1141 1983 1340 2066 magnitudine
1361 1983 1444 2046 Aeto
1466 2009 1567 2058 mons,
1595 2008 1659 2068 cap.
1683 1997 1734 2050 22.
1764 1983 1883 2067 quando

276 2095 394 2175 quiesset
415 2095 450 2152 sit
474 2117 507 2151 ne
529 2091 599 2174 quid
620 2089 720 2150 melius
741 2087 914 2170 faciendum
936 2091 982 2162 sit,
1005 2111 1059 2170 pro
1080 2087 1198 2172 quanda
1220 2092 1327 2172 quiesse
1347 2089 1383 2148 sit
1396 2087 1507 2149 melius.
1530 2087 1604 2163 Nec,
1619 2087 1690 2173 quid
1702 2085 1884 2172 faciendum

276 2201 322 2273 sit,
346 2222 410 2280 cap.
432 2209 483 2264 26.
506 2197 555 2256 sed
577 2215 638 2258 tam
662 2199 764 2276 tegenti
786 2217 840 2278 pro
867 2193 917 2253 sed
938 2199 998 2254 iam
1023 2209 1091 2254 ante
1114 2191 1225 2270 Gentii,
1255 2216 1320 2276 cop.
1342 2203 1394 2259 27.
1421 2218 1462 2256 ex
1489 2195 1583 2255 edicto
1613 2197 1689 2255 uicto
1717 2217 1771 2278 pro
1792 2219 1833 2255 ex
1853 2219 1884 2254 se

276 2307 360 2376 uicto,
385 2303 481 2374 XLV,
505 2311 554 2362 19.
578 2303 690 2360 iniuriis
710 2323 766 2382 pro
790 2297 934 2358 obnooios
954 2295 1031 2382 fore
1061 2321 1114 2379 pro
1136 2297 1250 2357 iniuriis
1270 2296 1441 2382 probrisque
1469 2297 1612 2359 obnoxios
1624 2299 1718 2384 fore,
1742 2323 1806 2382 cap.
1829 2309 1883 2368 21.

278 2403 380 2464 deinde
407 2421 525 2486 patrum
557 2403 599 2462 ael
623 2401 764 2486 populum
794 2401 887 2462 latum
915 2423 970 2484 pro
1000 2399 1101 2462 deinde
1128 2425 1168 2462 ex
1197 2403 1371 2463 auctoritate
1398 2420 1518 2484 patrum
1548 2403 1590 2464 ad
1614 2403 1755 2488 populum
1777 2402 1884 2480 latum,

278 2531 342 2592 cap.
366 2517 418 2572 28.
442 2529 461 2564 a
485 2505 585 2566 baebio
607 2504 737 2587 praesidi
758 2526 813 2588 pro
833 2530 852 2564 a
875 2503 988 2564 Baebio
1009 2503 1162 2589 praefecto
1183 2505 1334 2587 praesidii,
1357 2529 1421 2590 cap.
1445 2515 1499 2574 39.
1528 2511 1653 2568 mactati
1674 2492 1794 2592 quidem
1811 2505 1886 2568 illae

280 2611 404 2696 aepulae
424 2626 539 2672 senatus
562 2633 617 2692 pro
641 2609 835 2670 mactabitis?
859 2607 965 2686 Quid?
987 2607 1058 2668 illas
1080 2607 1181 2689 epulas
1199 2625 1314 2670 senatus
1335 2625 1409 2684 etc.;
1434 2610 1541 2672 deinde
1563 2612 1645 2685 XLI,
1665 2623 1713 2676 10.
1728 2611 1886 2696 quodcum

279 2715 405 2776 militum
428 2736 483 2798 pro
512 2713 590 2796 quod
619 2735 685 2772 cum
707 2709 755 2772 iIIi
784 2727 862 2784 tum,
892 2734 956 2792 cap.
977 2717 1029 2771 25.
1060 2711 1189 2770 indutiae
1217 2728 1242 2770 et
1264 2727 1366 2772 antam
1388 2737 1443 2772 sex
1464 2737 1593 2774 menum
1610 2713 1737 2798 suerunt
1759 2740 1813 2800 pro
1836 2721 1886 2777 in-

280 2819 380 2880 dutiae
406 2833 518 2874 tantum
549 2839 603 2871 sex
624 2837 753 2870 mensum
784 2814 851 2868 sivo
879 2815 1017 2866 mensium
1039 2811 1176 2893 fuerunt,
1206 2815 1307 2886 XLII,
1330 2821 1381 2878 ⁴2.
1412 2813 1492 2874 ultra
1519 2815 1641 2896 legatan
1668 2835 1808 2879 remotum
1830 2842 1886 2903 pro

280 2917 361 2980 ultra
384 2920 454 2997 iuga
479 2915 575 2972 Tauri
596 2925 729 2986 emotum,
753 2933 819 2992 cap.
843 2922 892 2972 50.
916 2907 996 2969 ultra
1019 2915 1088 2992 iuga
1110 2915 1169 2972 tun'
1195 2929 1341 2974 enmotum
1363 2937 1416 2998 pro
1438 2913 1519 2976 ultra
1541 2921 1611 3000 iuga
1632 2921 1728 2980 Tauri
1749 2940 1885 3002 emotum,

280 3023 391 3096 XLIII,
413 3023 444 3086 4.
469 3017 585 3100 indigne
611 3019 723 3076 senatui
744 3017 809 3075 uisa
830 3037 885 3098 pto
911 3015 1034 3098 indigna
1066 3041 1110 3076 res
1138 3019 1251 3078 senatui
1271 3019 1344 3094 sisa,
1368 3041 1432 3103 cop.
1457 3030 1484 3088 7.
1511 3025 1593 3105 pensi
1614 3023 1641 3082 si
1660 3045 1715 3107 pro
1736 3029 1818 3108 pensi
1838 3031 1887 3103 sit,

281 3145 345 3208 οιρ.
369 3133 400 3188 8.
430 3123 581 3201 sociasque
603 3119 693 3178 amici
723 3139 776 3200 pro
804 3120 877 3178 socii
899 3134 984 3202 atque
1012 3123 1116 3195 amici,
1139 3121 1250 3198 XLIV,
1275 3123 1325 3184 34.
1357 3122 1462 3184 milites
1490 3124 1628 3187 consalta
1651 3129 1811 3210 imperator
1832 3152 1888 3213 pro

281 3228 387 3292 milites
409 3223 584 3299 consultent,
606 3226 781 3304 imperator,
810 3223 909 3298 XLV,
935 3236 983 3287 15.
1008 3221 1093 3282 adem
1116 3233 1164 3286 mir
1187 3242 1213 3284 et
1235 3226 1347 3288 albano
1368 3251 1423 3312 pro
1446 3229 1547 3290 aedem
1569 3229 1711 3294 Monetae
1740 3237 1771 3296 in
1793 3253 1890 3297 moute

283 3334 417 3408 Albano,
440 3354 504 3414 cop.
530 3337 579 3393 19.
603 3325 795 3408 aduertaeque
814 3323 927 3407 gladiis
949 3350 1024 3409 equae
1046 3352 1164 3410 regnum
1191 3332 1221 3388 in
1244 3329 1361 3390 dubium
1385 3331 1542 3394 adelesctum
1566 3353 1634 3396 esset
1657 3360 1711 3419 pto
1734 3357 1888 3424 acceptae-

284 3463 337 3524 que
359 3433 464 3507 clodis,
488 3458 545 3516 qua
569 3454 687 3512 regnum
710 3433 740 3489 in
762 3429 879 3489 dubium
902 3427 1057 3491 adductum
1076 3446 1154 3504 esset,
1169 3445 1198 3493 et
1217 3455 1280 3515 cap.
1290 3443 1342 3500 26.
1361 3436 1492 3496 ciuitates
1513 3443 1702 3500 accessionem
1717 3441 1820 3528 sactes
1834 3467 1888 3527 pro

284 3543 429 3602 civitatem
459 3537 650 3597 accessionem
670 3533 800 3618 facitis,·
831 3535 958 3616 deniquo
981 3533 1063 3610 XLI,
1088 3542 1138 3598 18.
1163 3531 1245 3618 foris
1266 3539 1326 3620 ipse
1348 3553 1504 3620 oporteret,
1534 3565 1598 3624 cap.
1619 3553 1670 3608 28.
1694 3571 1721 3606 u.
1744 3547 1810 3610 mil,
1835 3549 1888 3611 iih,

283 3647 366 3705 sauri
388 3646 417 3701 in
440 3643 590 3702 aerarium
613 3635 689 3712 tulit,
713 3637 810 3720 XLII,
831 3645 861 3730 9¹.
884 3637 926 3697 ad
946 3659 1003 3697 non
1024 3637 1186 3720 parendum
1199 3639 1278 3725 filit,
1301 3665 1365 3725 cop.
1383 3645 1431 3708 11.
1454 3643 1512 3705 bac
1524 3645 1620 3732 falsa
1642 3653 1733 3710 iturus
1744 3657 1889 3738 princeps,

284 3772 349 3831 cap.
371 3755 421 3812 19.
444 3760 469 3803 et
493 3765 588 3802 recum
610 3740 715 3822 legatie
736 3764 765 3799 se
787 3739 1019 3822 eliscepnatisque¹
1036 3757 1061 3800 et
1083 3745 1155 3801 satis
1175 3747 1355 3822 societatem,
1379 3770 1444 3830 cop.
1465 3757 1516 3813 29.
1539 3753 1625 3810 exine
1644 3751 1793 3835 pollicitus
1814 3776 1889 3834 erat,

286 3852 356 3915 ibid.
380 3853 406 3910 ei
426 3845 468 3908 ad
481 3845 672 3906 macedonum
693 3847 788 3926 portis
806 3860 881 3918 erat,
902 3867 966 3926 cap.
977 3844 1029 3908 47.
1044 3841 1163 3902 boccum
1179 3861 1328 3905 uenturum
1345 3845 1429 3906 illum
1445 3848 1538 3910 nibilo
1550 3856 1745 3934 paratiorem,
1761 3880 1824 3942 cop.
1838 3865 1889 3922 52.

287 3957 366 4018 cuises
387 3951 435 4012 uel
456 3975 577 4036 quorum
592 3973 665 4033 pars
686 3945 843 4032 philippus,
864 3947 934 4010 ibid.
954 3965 1056 4008 armat
1071 3948 1150 4032 plios
1169 3950 1283 4028 babere,
1306 3974 1371 4035 cop.
1395 3957 1446 4014 56.
1461 3953 1534 4016 boec
1555 3955 1653 4016 soluta
1676 3957 1788 4021 obsidio
1811 3965 1890 4023 cuius

277 4057 383 4119 'locum
406 4054 493 4116 alteri
513 4077 606 4114 nouae
627 4051 771 4114 obsidioni
793 4049 880 4128 dedit,
897 4073 961 4134 cap.
975 4059 1024 4115 61.
1039 4051 1164 4114 tumulus
1187 4052 1242 4140 Ityc
1260 4068 1328 4114 ante
1345 4069 1477 4137 tempeste
1490 4071 1529 4115 est
1542 4061 1645 4116 eminet
1659 4057 1770 4122 Iarisae
1781 4063 1892 4130 medrus

289 4164 368 4224 abest
381 4143 489 4234 onum,
502 4182 566 4242 cop.
582 4159 632 4219 64.
648 4173 674 4217 et
688 4161 814 4218 inconste
834 4159 1058 4240 oppugnationis
1077 4173 1251 4234 castrorum,
1273 4181 1338 4241 cop.
1362 4163 1413 4222 65.
1434 4159 1537 4241 religes
1559 4185 1697 4224 romanus
1717 4182 1810 4230 terror
1830 4176 1891 4232 cir·

288 4265 461 4337 cumstabot,
481 4261 590 4339 XLIII,
609 4267 639 4328 5.
662 4261 746 4322 duces
765 4265 875 4344 passim
898 4263 1073 4345 rapinasque
1092 4279 1118 4322 et
1140 4261 1274 4324 incendia
1287 4261 1394 4346 facta,
1417 4264 1530 4340 XLIV,
1552 4273 1581 4327 3.
1593 4267 1766 4356 fuerimque
1780 4273 1891 4340 iberum
1945 4299 1952 4314 ·

288 4399 370 4462 quem
393 4394 490 4452 cepere
508 4367 604 4430 locum
627 4368 824 4451 appellantur,
846 4391 910 4452 cop.
932 4377 961 4428 6.
983 4368 1108 4430 alter-um
1128 4394 1214 4452 usque
1235 4367 1277 4429 od
1292 4367 1425 4450 patbum,
1445 4391 1510 4453 cap.
1538 4379 1587 4439 tt.
1609 4381 1688 4436 mori
1708 4381 1822 4441 interim
1842 4387 1892 4444 in.

287 4479 368 4542 cluso
389 4477 519 4557 inopiam
542 4472 669 4533 irrsulam
698 4479 811 4556 inopem
840 4477 924 4532 miss.
938 4475 1089 4532 ...ritimis
1119 4467 1356 4532 iau....coIendi
1380 4473 1477 4555 itaque
1499 4477 1722 4555 commeatibus,
1752 4507 1816 4566 cop.
1839 4493 1892 4550 20,

289 4591 319 4644 in
334 4583 453 4643 birenem
467 4580 554 4638 etiam
575 4579 606 4634 in
626 4599 675 4657 spe
694 4577 776 4673 rebus
793 4575 927 4658 gerendis
946 4579 1137 4648 inter-semisse,
1159 4599 1224 4658 esp.
1242 4581 1292 4635 26.
1313 4598 1466 4659 perquem
1487 4595 1628 4661 quantam
1652 4589 1779 4646 omnium
1800 4614 1891 4671 pm.

195 4677 200 4686 .
288 4706 432 4776 paratam
461 4709 533 4748 curo
556 4685 631 4765 regis
653 4681 770 4764 copiam
798 4679 885 4741 intuli
900 4678 1025 4764 forent,
1051 4702 1116 4761 cap.
1139 4689 1190 4742 32.
1220 4701 1284 4738 cum
1308 4683 1552 4762 creantigonensis
1572 4688 1668 4761 misit,
1699 4711 1762 4770 cop.
1786 4697 1836 4756 35.
1858 4717 1894 4752 ne

290 4791 360 4878 quid
379 4808 437 4854 etus
457 4801 630 4864 moraretur,
655 4807 718 4868 cap.
739 4787 791 4844 36.
815 4799 841 4842 et
860 4783 980 4844 meridie
1000 4799 1108 4844 aestate
1128 4785 1224 4864 magis
1244 4781 1426 4845 adcesserunt
1447 4799 1506 4846 tum
1529 4811 1603 4850 mox
1624 4787 1797 4871 adparebat,
1818 4794 1894 4858 ibid.
