4814 5970
289 862 400 932 esem
421 876 530 932 tenen
551 863 723 954 Grpaaens
737 869 808 932 aas·
824 865 970 955 scripsit.
999 903 1044 920 »-
1073 861 1267 952 distineret]
1301 868 1393 934 eoa.
1409 865 1590 956 aemam,
1615 868 1711 962 quod
1734 874 1811 940 truie
1832 875 1908 944 seer

290 970 696 1040 droltooos'onarod'etius
717 987 792 1038 esse
813 969 962 1062 epperst.
985 972 1060 1050 BG.
1075 973 1118 1039 D.
1141 970 1222 1038 Vid.
1239 987 1445 1062 qsae·sapra
1463 973 1503 1037 sd
1524 999 1595 1064 esp.
1616 977 1668 1041 20.
1687 979 1910 1046 annotari-⁴

291 1081 542 1162 pugnatumque
569 1073 737 1164 abireque
762 1086 814 1140 est
841 1075 908 1141 ieri
926 1075 1110 1160 armature]
1137 1073 1222 1140 Cods
1249 1086 1435 1166 pugnatum
1457 1078 1568 1169 adque
1589 1079 1756 1170 tobimque
1778 1081 1821 1143 sit
1841 1077 1909 1146 letti

293 1190 483 1245 mauu-o·
534 1177 721 1267 qumm
749 1203 818 1248 non
844 1179 982 1264 tetettir,
1013 1180 1182 1246 librarium
1209 1181 1254 1244 sit
1280 1201 1341 1265 pro
1371 1189 1424 1244 est
1444 1180 1609 1266 posuisse.
1644 1180 1723 1244 vio.
1752 1196 1837 1267 quse
1866 1178 1906 1244 ed

289 1277 462 1362 xl.11‚t.
486 1282 547 1348 bre
578 1283 620 1347 de
645 1305 682 1348 re
709 1283 793 1350 dixi.
838 1283 994 1350 Ceteram
1023 1285 1135 1350 nescio
1165 1305 1206 1346 sn
1232 1281 1356 1346 rectius
1386 1281 1566 1348 scribeture
1596 1293 1697 1374 atque
1722 1293 1908 1374 pugnatum

291 1386 462 1476 tobimque
484 1394 535 1449 est
556 1383 621 1450 leui
642 1395 830 1450 maturos
856 1421 894 1436 -·-
921 1407 988 1450 non
1009 1387 1051 1450 ab
1071 1383 1123 1450 bis
1146 1385 1293 1469 tontum]
1317 1383 1432 1450 Malim
1456 1386 1499 1450 ab
1522 1385 1581 1468 iis,
1606 1397 1642 1450 ut
1663 1385 1755 1450 alibi.
1778 1421 1821 1436 —
1843 1385 1908 1450 rei·

292 1487 342 1554 uti
369 1510 430 1576 per
457 1488 617 1552 devexum
639 1486 675 1552 ia
696 1509 785 1552 mere
805 1489 972 1556 braobiam
996 1487 1170 1554 transitum
1194 1493 1395 1571 renaturus]
1418 1488 1503 1554 Cod.
1518 1490 1613 1556 uelud
1627 1515 1647 1570 a
1660 1515 1723 1578 per
1742 1492 1907 1558 &aem

292 1593 487 1660 bracchium
510 1594 690 1657 tramitum
711 1600 947 1678 temptaturus.
993 1591 1164 1678 Grynseas
1196 1591 1294 1656 verbe
1318 1594 1354 1656 ia
1374 1615 1469 1658 more
1489 1592 1704 1678 probabiliter
1731 1592 1907 1660 admodum

290 1695 444 1763 inseruit.
2006 1691 2010 1700 ’

304 1881 310 1887 .
376 1829 460 1918 Cep.
483 1827 649 1896 xxxvl.
668 1839 713 1912 ct,
727 1823 864 1893 meridie
887 1827 1042 1909 instante,
1061 1829 1164 1916 magis
1187 1851 1395 1894 secessurum
1413 1840 1588 1917 utromque
1610 1827 1803 1920 apparebat]
1820 1829 1904 1897 Cod.

292 1945 325 2000 et
346 1933 484 1998 meridie
507 1942 635 1998 aestate
657 1933 764 2020 mopis
782 1928 1003 1995 adcesserunt
1020 1937 1089 1994 tum
1111 1953 1189 1996 mox
1205 1931 1404 2018 adparebat.
1428 1931 1561 1996 Verbis
1587 1935 1726 2000 meridie
1747 1938 1904 2018 instante,

291 2059 393 2127 qnam
415 2033 570 2101 librarius
594 2033 634 2099 ad
658 2031 855 2098 antecedens
877 2033 1028 2112 meridie,
1052 2031 1141 2120 quod
1161 2055 1222 2120 pro
1245 2035 1416 2099 meridiem
1439 2033 1472 2098 in
1497 2034 1611 2100 codice
1634 2035 1775 2123 legitor,
1799 2061 1906 2104 recar-

289 2139 374 2206 rissc
397 2137 565 2218 videatur,
589 2135 752 2202 inmedia
775 2143 904 2200 aestate
927 2135 1080 2200 mutando
1108 2157 1181 2200 csse
1210 2137 1376 2225 suspicor.
1422 2127 1477 2202 Ad
1505 2137 1905 2208 bueeWeisseobornius
1958 2207 1964 2216 ,

290 2242 399 2309 Dectt.
423 2241 498 2307 Lir.
523 2239 614 2306 Part.
640 2237 668 2302 1.
692 2259 727 2326 p.
749 2235 803 2303 24.
829 2237 930 2320 „Sed
953 2240 1015 2306 hoo
1039 2237 1307 2322 additamentum,
1329 2240 1451 2332 inquit,
1473 2265 1538 2306 non
1561 2241 1701 2307 liberum
1725 2254 1775 2309 est
1799 2269 1815 2308 a
1837 2255 1906 2310 teu·

289 2342 416 2432 tologis
439 2342 598 2430 quadarn,
635 2363 707 2405 cum
739 2341 933 2429 praecedet:
966 2353 1043 2429 post
1070 2347 1308 2410 circumactum
1337 2343 1526 2411 soistitiam.
1572 2346 1703 2412 Deinde
1732 2348 1905 2433 sententio,

291 2471 376 2538 quoe
398 2468 463 2509 non
488 2453 598 2534 potest
618 2465 684 2508 non
707 2445 758 2508 bis
780 2442 890 2510 verbis
913 2443 1044 2530 inesse,
1073 2471 1131 2534 per
1161 2447 1300 2512 mediam
1323 2461 1477 2514 aestatem
1505 2449 1593 2514 sitim
1616 2475 1690 2516 esse
1717 2465 1865 2538 anetem,
1888 2476 1906 2518 a

290 2557 404 2614 nostro
423 2545 498 2612 loco
520 2544 626 2610 aliens
649 2556 720 2626 est,
746 2567 819 2609 cum
842 2544 959 2611 Livius
983 2544 1023 2611 de
1047 2547 1121 2637 ipso
1145 2550 1203 2617 iiio
1228 2551 1293 2634 dic,
1319 2573 1385 2640 quo
1409 2552 1472 2616 iter
1494 2551 1659 2636 iecerunt,
1680 2564 1776 2641 ngat,
1798 2574 1906 2643 aeque

289 2675 368 2720 vero
391 2651 430 2715 de
452 2660 587 2716 aestate.
609 2648 698 2715 'l'om
719 2673 784 2714 non
808 2649 1009 2738 negligenda
1030 2665 1081 2718 cst
1102 2654 1269 2742 gradatio:
1294 2658 1538 2742 omnitempore,
1561 2655 1646 2720 bora
1669 2659 1714 2721 ad
1734 2659 1906 2724 meridiem

288 2755 464 2848 uergebat3
488 2753 552 2819 iam
575 2754 708 2838 proriae
731 2751 858 2839 aliquid
881 2765 1067 2840 exeppetes,
1091 2780 1198 2844 neque
1221 2757 1357 2848 dubito,
1381 2757 1461 2844 quin
1485 2757 1601 2823 Livius
1622 2758 1800 2843 adiecerit,
1824 2759 1906 2849 qnid

290 2856 462 2946 scripserit
485 2855 650 2943 significet
673 2851 703 2943 ξ.
727 2853 760 2918 6.
784 2865 946 2946 quantum
969 2861 1166 2923 decresceret
1188 2868 1318 2939 aestus,
1343 2881 1416 2946 cop.
1441 2855 1495 2942 38,
1515 2857 1548 2924 9.
1573 2858 1629 2922 ubi
1652 2859 1831 2926 Aemilium
1856 2860 1901 2925 di·

236 2981 244 2998 ·
289 2975 417 3028 centem
448 2957 545 3025 incita
579 2967 729 3022 torrente
757 2959 946 3046 meridiano
976 2958 1065 3043 soie,
1100 2959 1297 3047 quibuscum
1325 2959 1353 3024 si
1385 2960 1624 3049 comparaveris
1652 2961 1821 3048 xxwu,
1852 2962 1902 3028 ib'.

258 3097 261 3105 ¹
291 3076 402 3130 aestus
412 3087 436 3146 a
456 3061 644 3128 meridiano
664 3059 747 3144 soie,
771 3061 816 3127 ci.
831 3061 1101 3146 xxxvttt,t⁷.
1125 3061 1186 3143 sol,
1208 3063 1333 3149 puluis,
1356 3065 1427 3129 sitis
1442 3075 1505 3127 etc.
1520 3061 1672 3148 XXXV,
1683 3065 1714 3129 5.
1732 3065 1904 3152 xxxw,

287 3167 343 3234 47.
366 3191 432 3232 non
455 3151 552 3231 nimis
577 3155 889 3231 sciscitationis
912 3165 996 3231 bunc
1015 3167 1248 3232 mutationems
1272 3175 1306 3230 et
1327 3167 1532 3251 meridiano,
1553 3169 1604 3233 rel
1627 3167 1717 3256 quod
1739 3169 1904 3258 praefero,

287 3271 441 3338 meridiei
468 3280 577 3335 aestu.
621 3265 754 3334 Deinde
773 3280 861 3334 recte
884 3280 1066 3336 correctum
1089 3279 1190 3356 putor
1215 3288 1439 3352 accessurum,
1465 3281 1552 3334 certe
1581 3269 1614 3334 id
1644 3268 1762 3336 suadet
1781 3282 1906 3361 tempo·

287 3399 361 3442 ruas
383 3372 551 3460 gradatioe
572 3371 701 3459 [actum
724 3383 801 3439 erat
814 3411 851 3424 -—
868 3373 1085 3455 sentiebatur,
1104 3383 1137 3437 et
1156 3382 1358 3468 utrumque,
1382 3371 1441 3436 sed
1457 3395 1547 3459 mox,
1566 3371 1656 3462 qaod
1672 3375 1778 3442 codex
1792 3376 1904 3459 babet,

288 3477 484 3548 serrandum
506 3487 539 3542 et
560 3475 653 3542 iocos
676 3475 721 3539 ite
744 3474 907 3561 legendus
935 3499 1008 3543 esse
1037 3473 1188 3541 ridetur:
1219 3485 1252 3540 et
1272 3474 1425 3542 meridiei
1445 3484 1540 3541 aestu
1561 3479 1667 3565 magis
1690 3501 1903 3546 accessurum

287 3596 467 3674 utrumque
487 3603 568 3646 mox
587 3578 815 3668 apparebat.“
859 3579 928 3645 Pro
950 3602 989 3646 eo
1010 3602 1097 3645 nunc
1120 3578 1249 3646 malim:
1278 3590 1311 3646 et
1330 3581 1516 3648 meridiano
1546 3592 1639 3646 aestu
1661 3584 1767 3670 inopie
1788 3606 1904 3648 accre-

287 3699 402 3756 turum
423 3693 621 3774 utrumque,
647 3705 726 3748 mox
754 3682 952 3771 apparebat.
1005 3681 1063 3748 Sir
1091 3682 1204 3772 psallo
1233 3693 1312 3771 post
1338 3694 1450 3750 aesna
1479 3684 1665 3750 increscere
1699 3683 1841 3766 dicitur,
1871 3696 1904 3750 et

287 3790 422 3860 Coraci.
445 3787 534 3876 Nep.
559 3789 632 3855 Λα.
655 3810 729 3876 cap.
750 3785 805 3852 21.
827 3787 909 3851 baec
930 3785 1104 3872 leguntur:
1133 3795 1313 3879 postquam
1339 3789 1374 3852 ia
1400 3788 1470 3852 dies
1493 3787 1625 3853 dolores
1647 3810 1839 3856 accrescere
1855 3791 1904 3880 [e-

285 3901 432 3993 bresque
454 3895 633 3962 necessisse
653 3893 771 3958 sensit.
814 3884 942 3956 Dubito
965 3888 1051 3956 enim
1074 3911 1116 3955 ea
1138 3886 1250 3954 Latini
1270 3888 1415 3956 dixerint
1435 3892 1588 3958 meridiei
1607 3903 1734 3958 aestum
1755 3914 1817 3982 pro
1838 3917 1903 3960 me·

285 4004 433 4082 ridiauo,
457 4007 490 4063 et
512 3995 672 4063 accedere
695 3991 892 4082 simpliciter
910 4017 973 4082 pro
994 3994 1115 4085 auperi
1135 3990 1205 4058 sire
1228 3995 1429 4060 increscere.
1455 4031 1496 4044 -
1529 3997 1744 4084 nequeenim
1769 4019 1811 4064 ne
1833 3993 1901 4088 bis]

285 4102 408 4172 Adieci
430 4100 564 4195 quidem
591 4110 724 4166 auctore
749 4097 938 4180 Gronorio,
966 4096 1024 4186 qui
1045 4125 1124 4192 nam
1145 4123 1187 4168 ae
1208 4101 1260 4168 bis
1283 4102 1417 4197 quidem
1440 4101 1583 4167 scribere
1604 4103 1732 4168 meluit.
1756 4103 1832 4173 BC.
1855 4107 1900 4174 B.

285 4209 368 4276 vid.
389 4203 593 4293 Madvigium
615 4202 657 4270 ad
680 4201 753 4269 cic.
773 4200 814 4268 de
836 4201 914 4268 Fin.
937 4201 968 4285 Ι,
994 4202 1045 4268 tl.
1069 4228 1104 4294 p.
1129 4202 1183 4270 82.
1206 4227 1259 4293 eq.
1285 4215 1318 4270 et
1340 4202 1481 4291 Reisigii
1504 4203 1650 4270 Gremio.
1673 4205 1747 4273 La.
1771 4231 1807 4298 p.
1824 4208 1900 4276 587.

285 4312 402 4402 ibique
422 4306 538 4376 Duesii
560 4318 632 4375 not.
652 4305 728 4373 494.
764 4343 803 4360 -
832 4304 885 4372 Ne
912 4306 1041 4373 bostem
1072 4307 1207 4396 quiden
1238 4307 1424 4375 ludificator
1446 4306 1573 4395 priores
1601 4307 1829 4400 imperetoies,
1852 4314 1901 4382 iu·

286 4416 409 4509 giendo
437 4423 621 4492 certamen,
650 4409 803 4478 menibus
833 4409 1003 4496 emittere]
1033 4408 1118 4477 coa.
1149 4409 1351 4496 ludificatus.
1382 4407 1570 4478 Gronovius
1598 4413 1685 4480 bunc
1714 4414 1823 4483 locum
1855 4417 1901 4486 ite

286 4518 478 4589 constituite
499 4517 556 4582 Ne
576 4513 737 4604 bostem„
752 4516 881 4604 pridem
903 4515 1109 4604 ludificatum
1129 4519 1261 4606 priores
1285 4517 1525 4602 imperatores,
1554 4516 1713 4606 fiapieado
1734 4531 1902 4590 certamen

284 4625 439 4691 manibus
460 4619 635 4686 emitteret.
678 4615 755 4683 Non
787 4627 897 4703 potest
926 4618 1067 4684 melinae
1097 4617 1273 4686 dummodo
1303 4643 1346 4685 ne
1376 4619 1535 4708 particule
1558 4621 1690 4714 quidem
1715 4621 1747 4686 in
1769 4623 1902 4710 pridem

286 4737 451 4810 mutetur,
473 4721 531 4788 sed
553 4719 643 4786 illico
667 4719 914 4788 exterminetur.
939 4721 1015 4790 DC.
1039 4725 1083 4789 B.
1136 4723 1308 4790 Librarius
1329 4725 1436 4810 enim,
1457 4723 1491 4789 id
1514 4725 1604 4814 qnod
1627 4726 1690 4792 ism
1712 4725 1900 4792 Crevierias

285 4843 376 4900 recte
397 4827 585 4918 suspicatus
605 4835 677 4910 est,
699 4825 764 4892 boe
781 4825 978 4893 vocabalum
1000 4850 1102 4919 sopra
1125 4829 1283 4896 omissam
1295 4879 1305 4915 ,
1338 4853 1438 4919 qaum
1468 4851 1486 4896 e
1516 4829 1690 4898 verbisne
1712 4830 1837 4897 bostem
1859 4824 1901 4896 ed
