4814 5970
284 888 316 936 a.
341 863 441 934 1111..
464 860 642 953 reponitur.
694 857 808 928 Nolim
826 873 950 928 unes
974 861 1063 927 rmu's
1091 881 1136 924 rx
1163 855 1315 926 asotos
1335 853 1494 941 seribere,
1517 859 1607 946 qnod
1630 879 1729 950 snpra
1753 847 1903 947 caprili.

282 967 417 1056 legiter.
435 1000 487 1022 ·····
509 987 551 1032 ne
572 961 650 1054 quis
671 963 745 1030 sino
765 985 881 1032 nassa
901 975 1047 1032 ventrosa
1065 959 1203 1046 aaut]
1229 957 1358 1026 llarum
1379 957 1555 1026 verborm
1576 959 1724 1028 ordinem
1747 963 1782 1028 in
1805 961 1906 1030 alters

273 1069 373 1140 -laiar‘i
393 1069 537 1136 editione
558 1065 603 1134 ita
624 1065 1083 1150 innumerosorum·
1106 1087 1150 1130 nr
1171 1063 1246 1152 puis
1268 1071 1416 1127 uram
1436 1063 1510 1127 siae
1531 1085 1635 1132 cossa
1662 1068 1791 1134 credat.
1824 1062 1904 1133 vat·

277 1184 396 1262 catam
409 1189 513 1238 *nenas
533 1167 630 1236 neit·
653 1167 820 1236 defendet.
842 1205 886 1218 -·
908 1165 1098 1255 inplicrlnnn
1119 1165 1288 1232 intuentes
1307 1163 1430 1248 sciens]
1452 1162 1557 1231 lmmo
1578 1167 1790 1256 explicatam,
1813 1169 1904 1258 qual
1985 1189 1987 1194 ·

284 1272 473 1344 Gronovius
494 1273 608 1362 inepto
630 1271 848 1360 implicatum,
870 1269 962 1360 queri
985 1267 1185 1356 lieet-inpius
1206 1289 1364 1356 perquam
1394 1265 1534 1334 ridicule
1561 1269 1805 1360 interpretatur,
1829 1273 1905 1339 sob-

281 1376 486 1446 situentur·
511 1395 584 1444 osse
611 1372 706 1440 vitia.
737 1373 812 1439 BG.
840 1376 884 1440 B.
916 1409 959 1426 -
988 1393 1087 1437 onere
1117 1371 1258 1453 tersum]
1285 1369 1344 1437 Sic
1365 1368 1463 1436 cias.
1494 1371 1535 1436 li.
1568 1371 1607 1439 C.
1640 1376 1670 1459 l,
1698 1375 1753 1442 to.
1783 1377 1906 1465 legitor

281 1479 346 1548 aab
367 1501 469 1546 osone
492 1476 634 1566 prorui
656 1479 811 1558 urcium,
834 1476 923 1565 quod
947 1476 988 1541 als
1009 1472 1119 1540 llirtio
1150 1471 1236 1538 Bell.
1267 1471 1346 1536 Alr.
1376 1493 1449 1560 cap.
1481 1473 1535 1538 75.
1568 1474 1617 1541 illi
1644 1477 1808 1544 adiectum
1840 1490 1903 1544 est.

261 1569 439 1646 'Praestet
468 1589 589 1662 tamer,
618 1599 671 1642 me
697 1576 831 1664 quiden
862 1575 993 1660 indice,
1016 1595 1116 1662 opere
1145 1575 1271 1665 fessum
1301 1573 1456 1640 scribere.
1480 1578 1525 1642 B.
1569 1575 1655 1642 Nam
1676 1578 1785 1660 militi,
1806 1603 1905 1674 quera
1972 1564 1977 1570 ¹

277 1707 392 1780 neque
412 1686 489 1752 uiae
508 1680 616 1762 lnior,
639 1703 749 1776 acprsr
770 1686 883 1768 operis
903 1681 1076 1770 [stipavit
1099 1679 1280 1767 opponitur
1298 1679 1394 1744 miles
1416 1679 1514 1768 lotape
1537 1683 1656 1748 itinere
1682 1685 1849 1776 fotipotus
1872 1697 1905 1751 et

282 1811 382 1874 opere
399 1786 523 1875 seusu.
567 1783 728 1852 Similiter
742 1783 818 1850 Lis.
833 1783 935 1868 XXl,
948 1782 1002 1848 tt.
1019 1779 1183 1848 exercitus
1205 1791 1368 1866 npetumo
1390 1783 1512 1846 itincre
1534 1791 1635 1872 atque
1657 1785 1767 1870 operis
1789 1779 1904 1848 latore

280 1892 392 1981 fesseca
410 1887 544 1972 «licitur,
566 1898 600 1954 et
621 1886 793 1970 xxxix,
808 1887 862 1952 28.
886 1888 968 1954 haec
988 1885 1161 1972 leguntura
1182 1907 1286 1980 quum
1308 1886 1366 1950 diu
1386 1883 1550 1973 fotipatus
1571 1884 1619 1949 ili
1639 1883 1778 1973 proeliis
1798 1887 1903 1973 operi-

283 1997 414 2083 troque
434 2015 551 2058 osseam
597 1987 972 2078 lisumgartcn·llrusius
992 1986 1033 2052 od
1055 1991 1139 2058 lianc
1163 1989 1425 2057 emendationem
1456 2013 1522 2057 nou
1552 1991 1733 2059 attendisse
1760 1991 1903 2060 videtur.

286 2093 583 2166 Weissenbornius
610 2105 722 2161 contra
755 2093 862 2160 Lectt.
887 2093 960 2160 Lis.
987 2094 1078 2163 Part.
1102 2095 1149 2162 ll.
1178 2118 1213 2182 p.
1249 2093 1279 2158 l.
1305 2092 1408 2178 „Cur
1436 2093 1665 2184 Kreyssigius,
1688 2094 1809 2186 inquit,
1842 2093 1904 2159 etsi

282 2199 318 2266 in
340 2201 416 2268 eotl.
439 2199 588 2265 Vinslols.
614 2222 715 2265 onere
735 2197 862 2286 [essum
881 2199 1041 2290 seriptum
1066 2210 1129 2279 est,
1155 2207 1262 2262 tamen
1284 2219 1382 2282 opere
1400 2197 1525 2282 {issum
1556 2194 1588 2260 in
1611 2195 1700 2260 Livii
1724 2197 1904 2261 orationem

282 2300 458 2390 receperit,
482 2298 599 2366 iustam
621 2322 754 2365 eausam
778 2315 936 2390 exputare
958 2325 1024 2366 non
1047 2321 1196 2388 possum.
1241 2296 1335 2364 Sicut
1362 2296 1449 2363 euim
1472 2296 1581 2387 priore
1603 2299 1689 2382 loco,
1714 2298 1771 2364 uti
1793 2299 1904 2364 Aemi·

281 2403 349 2473 lius
371 2427 433 2469 suo
456 2401 597 2470 consilio
617 2402 739 2469 lactum
758 2428 833 2469 esse
849 2404 1021 2494 gloriatur,
1045 2417 1081 2473 ut
1102 2405 1225 2472 milites
1247 2405 1365 2470 eastris
1387 2403 1495 2491 pridie
1518 2404 1654 2470 munitis
1678 2404 1771 2472 nullo
1794 2405 1905 2472 labore

282 2508 413 2596 fatigati
440 2506 500 2574 illo
525 2507 578 2574 die
607 2507 641 2571 in
670 2507 774 2574 aciem
799 2508 1009 2593 ducerentur,
1036 2521 1125 2575 recte
1157 2510 1272 2594 operis
1291 2506 1435 2572 laborem
1460 2507 1582 2573 milites
1606 2510 1763 2596 fatigasse
1787 2523 1905 2600 ποθείς

283 2613 330 2679 ita
356 2612 458 2678 altero
483 2609 569 2694 loco,
593 2632 659 2698 quo
690 2634 802 2678 eorum
824 2613 1019 2678 sententiam
1042 2611 1249 2699 perstringit,
1280 2610 1402 2698 quibus
1430 2633 1471 2673 ex
1499 2610 1549 2675 via
1576 2612 1610 2678 ia
1638 2613 1797 2700 proelium
1829 2613 1907 2679 duri

285 2715 464 2780 exercitum
485 2712 675 2800 placuerat,
700 2735 798 2798 opere
822 2713 949 2800 [cessem
979 2713 1120 2778 alienum
1145 2735 1218 2776 esse
1241 2711 1371 2777 videtur
1393 2724 1426 2776 et
1448 2711 1488 2776 ab
1512 2715 1650 2778 oratoris
1680 2714 1820 2780 consilio
1852 2715 1905 2780 ab·

283 2819 438 2884 horrens.
483 2814 608 2879 lithos
632 2811 765 2902 quidem
786 2825 897 2880 contra
920 2835 1041 2880 marem
1064 2813 1249 2880 Romanum
1271 2835 1379 2902 neque
1404 2836 1502 2902 opere
1530 2814 1693 2903 perlecto,
1717 2839 1825 2906 neque
1855 2840 1905 2884 cr·

284 2919 362 2986 stris
386 2916 536 3000 munitis,
552 2937 660 3004 neque
682 2912 745 2980 alia
768 2913 882 2981 ullsrc
904 2915 1036 3005 provisa
1056 2913 1144 2980 hosti
1167 2915 1346 2981 exercitum
1370 2915 1592 2984 obiiciendum
1614 2920 1783 3004 statuisse,
1796 2932 1830 2986 et
1843 2921 1906 2988 loc

284 3024 493 3119 potissimum
515 3019 695 3086 notandum
719 3031 752 3085 et
770 3018 1073 3110 reprehendendum
1097 3021 1267 3110 putavisse
1289 3021 1473 3106 consulem,
1496 3005 1570 3115 ipse
1592 3049 1665 3116 cap.
1686 3049 1765 3116 seq=
1789 3052 1835 3093 aas
1857 3029 1905 3094 ui·

285 3129 335 3195 lsil
353 3130 462 3194 nostri
478 3125 637 3193 tateiates
663 3133 802 3211 praeter
823 3125 951 3190 nudum
972 3123 1080 3189 solum
1103 3126 1138 3190 in
1159 3149 1225 3222 quo
1244 3128 1495 3216 pugnaremus?
1516 3140 1594 3212 etc.,
1618 3130 1676 3218 qui
1701 3130 1793 3196 locos
1816 3141 1905 3196 recte

285 3244 337 3299 est
356 3256 376 3295 a
398 3227 590 3318 Kreyssigio
612 3226 795 3315 explicatus
820 3227 881 3312 (ci.
904 3227 1016 3292 Vann·
1041 3229 1112 3298 erit.
1136 3255 1170 3319 p.
1193 3229 1281 3318 64.),
1305 3233 1349 3296 ita
1373 3233 1562 3317 declararit,
1587 3247 1623 3300 ut
1645 3259 1742 3302 nemo
1765 3236 1806 3302 tlc
1833 3238 1905 3302 eius

285 3335 447 3404 scatentia
470 3343 583 3422 posset
604 3329 766 3397 dubitare.
812 3329 881 3397 lam
904 3355 989 3420 quae
1009 3333 1091 3400 hacc
1113 3346 1164 3401 est
1187 3333 1379 3424 disputandi
1400 3337 1496 3422 ratio,
1519 3351 1556 3404 ut
1578 3340 1668 3426 quod
1690 3338 1826 3405 alterum
1850 3361 1906 3404 uo·

284 3439 388 3506 luisse
409 3450 508 3526 atquc
530 3435 613 3499 adeo
645 3433 848 3524 improbasse
872 3434 976 3524 dicis,
1006 3437 1041 3504 id
1063 3464 1100 3504 rc
1123 3438 1152 3504 si
1175 3436 1396 3506 voluisset'in
1428 3463 1466 3506 eo
1491 3443 1738 3531 reprehendus‘l
1785 3441 1906 3534 Neque

286 3545 393 3611 solum
415 3541 521 3606 iustus
543 3537 701 3604 orationis
723 3563 838 3604 cursus
857 3552 988 3629 recepta
1012 3542 1068 3606 illa
1089 3544 1276 3612 coniectura
1293 3545 1519 3632 perturbatur,
1537 3543 1596 3611 secl
1619 3546 1715 3613 etiam
1739 3546 1811 3632 ipsa
1833 3568 1906 3610 scn-

286 3647 387 3715 tentia
409 3643 615 3736 pervertitur.
660 3641 748 3708 Toto
773 3640 859 3707 cnim
880 3643 954 3708 locs
981 3642 1021 3707 (lc
1051 3645 1269 3712 incommodis
1302 3645 1431 3712 itineris
1463 3647 1585 3734 agitur,
1609 3660 1641 3714 et
1669 3648 1740 3714 vlac
1765 3648 1906 3736 longitu-

287 3753 364 3820 dine
385 3757 634 3819 commemorata
656 3755 762 3811 cetera
786 3769 869 3836 qunac
889 3745 1176 3835 proficiscentibus
1198 3751 1381 3818 molestiam
1404 3775 1515 3819 creare
1544 3751 1653 3819 solent
1678 3761 1904 3832 recensentur,

285 3861 400 3942 sudor,
429 3852 552 3946 pulvis,
583 3850 658 3935 alia,
683 3874 783 3915 uuum
814 3848 910 3934 illud,
935 3850 1084 3939 quotide
1106 3875 1206 3942 opere
1231 3855 1463 3943 interponitur,
1485 3879 1553 3922 non
1575 3856 1617 3921 ad
1640 3855 1726 3922 viam
1748 3855 1904 3944 pertinet,

287 3961 406 4032 esdad
428 3969 608 4026 castrorum
632 3951 860 4038 munitionem,
875 3952 909 4019 id
934 3977 1025 4038 vero,
1048 3955 1138 4042 quod
1160 3955 1195 4018 in
1217 3955 1346 4043 agmine
1365 3957 1526 4025 militibus
1550 3959 1904 4040 molestissimum,

287 4068 429 4134 eiicitur.
485 4065 574 4152 Apte
605 4067 712 4122 autem
741 4081 842 4124 oriere
870 4057 977 4146 fessos
1007 4055 1127 4121 milites
1156 4056 1223 4126 elici
1252 4084 1323 4145 eos,
1355 4061 1414 4149 qui
1436 4063 1637 4130 sarcinarum
1657 4085 1756 4126 onere
1776 4071 1905 4150 gestato

287 4166 457 4254 defatigati
480 4175 569 4245 sunt,
590 4163 653 4228 etsi
674 4185 714 4226 cx
737 4160 809 4250 ipsu
835 4161 926 4227 verbi
950 4172 1065 4228 natura
1087 4167 1162 4252 cogi
1184 4178 1306 4255 potest,
1331 4166 1447 4232 atldom
1473 4177 1582 4231 tamen
1610 4165 1770 4255 quaedam
1798 4189 1905 4232 exem·

286 4279 353 4374 pla.
399 4273 457 4340 Sic
484 4269 600 4337 Liuius
629 4267 693 4351 lX,
721 4265 775 4350 31,
804 4263 839 4330 9.
869 4277 906 4332 ut
934 4267 1089 4362 quisque,
1121 4268 1242 4358 inquit,
1274 4270 1477 4336 liberauerat
1504 4291 1540 4334 sc
1568 4294 1670 4338 onere
1692 4305 1731 4320 ·-
1757 4269 1904 4336 coibant.

285 4385 341 4453 Cl'.
365 4366 841 4470 xxt,'27.xxxv111,ttt.
869 4372 955 4437 Bell.
983 4373 1059 4438 atr.
1083 4373 1136 4440 75.
1168 4378 1380 4442 existimabat
1408 4374 1530 4440 militer
1556 4376 1619 4441 sul
1646 4400 1748 4447 onere
1777 4401 1818 4445 ac
1843 4376 1904 4444 aul

287 4492 429 4560 sarcinis
453 4482 654 4573 defatigatos
674 4503 828 4569 papauere
849 4503 917 4546 saon
937 4501 1046 4566 posse.
1090 4477 1245 4567 Denique
1268 4479 1342 4544 aliis
1364 4477 1468 4560 locis,
1500 4478 1557 4543 ubi
1581 4477 1679 4546 liuius
1706 4478 1755 4544 rei
1781 4480 1905 4546 mentio

286 4601 337 4683 fit,
360 4593 444 4663 nihil
467 4592 508 4657 (le
530 4611 631 4678 opere
650 4588 798 4653 additum
818 4599 882 4670 ost,
904 4609 1012 4675 neque
1034 4583 1164 4667 thv,
1184 4584 1239 4668 40,
1259 4583 1291 4648 2.
1315 4606 1377 4649 nec
1395 4582 1502 4671 sessos
1524 4592 1564 4648 ut
1582 4584 1691 4672 pridie
1713 4607 1756 4650 cx
1776 4587 1832 4648 uio
1850 4605 1905 4648 ne·

288 4727 353 4800 pue
376 4698 582 4788 trepidantes
607 4697 643 4760 in
663 4695 735 4759 ocie
753 4693 950 4758 instruendo
971 4729 1015 4744 --
1037 4711 1257 4782 oppressum
1276 4697 1371 4770 erat,
1391 4708 1501 4774 neque
1521 4683 1634 4770 va,
1654 4683 1709 4770 ³7,
1732 4685 1765 4753 9.
1792 4684 1906 4750 roden

289 4811 343 4875 alio
363 4813 397 4872 et
414 4806 480 4869 iter
501 4800 612 4889 fecisti
629 4807 662 4862 et
684 4798 720 4862 in
742 4797 847 4862 aciem
869 4817 913 4860 rx
932 4798 1052 4862 itinere
1074 4795 1212 4860 duxisti.
1258 4789 1310 4857 Ex
1337 4790 1390 4856 uis
1420 4801 1532 4878 patene
1559 4789 1711 4873 arbitror,
1738 4811 1804 4878 qno
1834 4788 1906 4851 iure
