4814 5970
526 690 576 764 76

531 852 647 920 Livius
672 853 744 943 ipse
767 875 920 940 graecam
944 873 1063 918 nomen
1085 845 1300 938 'Opbdincpog
1327 873 1401 938 cap.
1424 848 1457 912 I.
1481 849 1696 938 explicaverit
1716 871 1794 938 pers
1823 852 1937 940 iupnm
1966 853 2087 918 montis
2113 853 2148 917 in

532 965 711 1050 arrpustnm
732 959 868 1021 dorsum
889 966 1077 1021 cuneatum.
1122 952 1296 1018 Praeterea
1327 953 1371 1018 cI.
1403 951 1477 1018 Liv.
1504 951 1700 1036 XXXVII,
1723 953 1776 1019 27.
1808 953 1863 1017 nbi
1895 955 1935 1018 de
1963 951 2150 1042 Myonneso

531 1060 758 1148 promontorIo
781 1060 862 1124 baec
883 1058 1061 1144 legunture
1090 1057 1169 1144 Ipse
1192 1054 1286 1120 celiis
1309 1063 1359 1118 est
1380 1054 1415 1118 in
1439 1056 1573 1119 modurn
1600 1066 1708 1120 metae
1730 1057 1766 1120 in
1788 1067 1924 1129 neutram
1947 1078 2106 1123 cacumen
2129 1080 2149 1120 o

530 1163 637 1252 [sendo
659 1165 742 1230 sutis
766 1163 834 1228 Into
855 1159 1050 1250 fustigatus.
1080 1195 1124 1208 -
1153 1159 1197 1242 Q.
1221 1155 1392 1240 Marcius]
1423 1154 1524 1220 Frob.
1547 1155 1581 1222 2.
1611 1169 1643 1223 et
1667 1158 1710 1246 Q.
1734 1160 1909 1240 Marcius,
1942 1158 2032 1248 quod
2062 1156 2148 1224 baud

534 1267 604 1332 scio
626 1289 666 1329 an
690 1267 734 1331 sit
762 1261 995 1330 revocandum.
1027 1299 1071 1312 -
1099 1259 1213 1324 turrim
1243 1257 1413 1342 Eudicrn]
1445 1259 1530 1323 Cod.
1559 1259 1750 1354 fuerimque
1779 1261 1932 1344 dierum,
1962 1260 1995 1325 iu
2027 1261 2148 1349 quibus

533 1371 624 1437 aIind
645 1372 711 1438 Ioci
734 1394 853 1436 nomen
876 1369 977 1434 Iatere
998 1367 1162 1455 suspicor.
1209 1363 1301 1450 Quid
1325 1361 1485 1453 quaeris?
1512 1360 1591 1428 Sive
1620 1364 1828 1430 retinendum
1857 1377 1908 1430 est
1931 1364 2013 1429 iliud
2042 1365 2149 1454 ipsum

532 1479 688 1559 Dierum,
711 1475 802 1564 qpod
821 1472 975 1538 librarius
997 1471 1129 1560 posuit,
1153 1468 1222 1534 sive
1244 1465 1357 1555 potins
1379 1489 1496 1552 praeca
1518 1465 1769 1549 terminatione,
1792 1491 1890 1556 quarn
1912 1467 2028 1534 Livius
2052 1469 2148 1534 etiam

533 1579 618 1644 inira
639 1603 712 1668 cap.
735 1578 767 1642 6.
792 1586 825 1642 et
841 1573 1013 1656 XXXVI,
1036 1573 1087 1638 15.
1113 1573 1146 1636 io
1169 1570 1359 1651 nominibus
1385 1569 1560 1656 Condylon
1584 1582 1616 1635 et
1641 1571 1871 1636 Callidromon
1891 1571 2046 1653 servavit,
2070 1569 2149 1638 scri·

532 1683 677 1750 bendum
699 1685 843 1762 Dieron,
865 1673 1000 1768 Διερόν,
1026 1676 1060 1740 id
1083 1688 1135 1740 est
1157 1674 1329 1739 humidum
1349 1671 1401 1736 ch
1423 1674 1606 1754 nandidum,
1622 1675 1744 1740 omisso
1766 1675 1923 1741 voeabnio
1945 1676 2149 1768 fuerimque,

492 1871 494 1876 Α
533 1789 628 1854 euius
656 1787 750 1876 origo
780 1786 813 1850 in
844 1795 987 1850 extrema
1018 1794 1111 1868 parte
1142 1779 1233 1846 verbi
1259 1780 1452 1867 posuerint,
1473 1777 1566 1866 'quod
1588 1780 1775 1868 praecedit,
1801 1806 1819 1846 a
1842 1781 1996 1863 IibrarIo,
2021 1793 2057 1844 nt
2078 1779 2150 1844 iieri

534 1890 632 1976 solet,
666 1891 749 1955 maie
775 1888 915 1977 repetita
943 1897 988 1968 et,
1021 1886 1138 1974 copula
1167 1885 1307 1964 adiecta,
1339 1907 1411 1948 cnm
1442 1883 1713 1949 antecedentibus
1745 1885 1932 1970 coniuncta,
1963 1883 2149 1974 qrracrcnda

533 1993 675 2058 videtur.
721 1991 928 2056 Vocabulum
951 1984 1074 2076 διερός,
1100 1986 1132 2050 id
1156 1985 1247 2076 quod
1270 1984 1372 2050 IIenr.
1397 1983 1586 2074 Stephanus
1608 1985 1711 2052 Tbes.
1739 1987 1799 2054 Gr.
1824 1987 1946 2076 Linpn.
1965 1985 2146 2054 Part.XII.

535 2122 569 2186 p.
593 2095 689 2162 3377.
716 2095 768 2160 ed.
790 2094 899 2160 Lond.
924 2117 977 2157 me
998 2092 1123 2173 docuit,
1146 2091 1209 2156 boc
1232 2089 1420 2175 significatu
1443 2093 1606 2182 reperitur
1629 2095 1717 2184 apud
1740 2097 1962 2186 Tireopbrast.
1988 2097 2028 2160 dc
2048 2094 2147 2161 Caua.

533 2201 645 2265 Plant.
670 2197 734 2283 ΙΙΙ,
752 2199 806 2264 23.
830 2193 942 2286 dtepdv
964 2193 1026 2284 γὰρ
1051 2185 1153 2262 οὖσαν
1175 2195 1232 2260 καὶ
1253 2201 1393 2284 βαρεῖαν
1414 2193 1471 2282 τὴν
1495 2200 1553 2283 γῆν
1576 2189 1747 2286 ἇῑμιὸώδι]
1770 2197 1936 2288 γίνεσθαι,
1962 2199 2018 2266 nbi
2039 2210 2148 2264 aucto-

530 2327 586 2368 res
602 2302 869 2391 Geoponicorum
886 2299 950 2383 ΙΙΙ,
972 2300 1000 2364 l.
1024 2324 1084 2388 pro
1107 2297 1220 2388 dtepcir
1239 2325 1408 2390 perperam
1423 2291 1546 2388 ἀραιὰν
1568 2302 1704 2388 legisse,
1720 2303 1945 2370 Sebncideros
1970 2302 2148 2370 annotavit.

535 2409 687 2472 Ceterum
712 2405 880 2469 Rcbberos
905 2403 988 2470 falso
1011 2403 1176 2491 perbibet,
1200 2403 1387 2492 Grpnaenm
1411 2407 1597 2498 turrimque
1620 2403 1778 2472 edidisse.
1822 2407 1907 2474 Nam
1932 2409 1965 2473 in
1991 2405 2092 2472 Frob.
2119 2405 2147 2470 Ι.

534 2523 567 2576 et
585 2509 619 2578 2.
643 2512 762 2575 turrim
781 2507 915 2594 legitur.

619 2665 702 2751 Cap.
726 2661 788 2727 IV.
814 2658 1008 2743 conserere]
1033 2657 1128 2723 Alibi
1150 2657 1267 2724 Livius
1290 2685 1424 2728 murrum
1452 2661 1504 2726 vei
1532 2686 1650 2727 arnonus
1674 2661 1794 2725 addere
1817 2661 1914 2728 soIet.
1945 2661 2026 2727 Vid.
2049 2659 2149 2728 Fabri

534 2771 575 2838 ad
598 2770 673 2836 Liv.
697 2767 798 2850 XXI,
823 2763 877 2849 ³9,
901 2763 932 2831 3.
957 2763 1138 2852 Propterea
1163 2763 1216 2829 bic
1236 2787 1369 2854 qnoque
1391 2763 1587 2830 vocabulum
1611 2790 1746 2832 areanum
1768 2789 1785 2830 a
1810 2767 2019 2854 praecedenti
2041 2791 2149 2833 urma-

535 2888 613 2942 turo
637 2873 853 2959 interceptum
877 2865 1059 2948 excidisse,
1083 2866 1271 2931 Crevier-ins
1301 2879 1333 2933 et
1358 2869 1510 2932 Doberos
1540 2869 1701 2955 suspicati
1725 2884 1815 2937 susat.
1861 2873 1932 2938 IIos
1957 2883 1993 2937 nt
2015 2895 2147 2960 seqrrar,

534 2976 672 3042 inclinat
694 2971 837 3036 anianus.
858 3003 900 3020 ··-
921 2977 1021 3055 atque
1041 2965 1138 3032 etiam
1162 2968 1327 3054 pericnio3
1358 2969 1417 3033 sed
1445 2970 1575 3034 cedenti
1605 2994 1645 3034 ex
1669 2973 1895 3060 superioribus
1918 2977 2003 3042 Iocis
2027 2976 2149 3042 instare

530 3079 639 3146 bostis
661 3071 812 3166 poterat]
843 3071 928 3138 Cod.
957 3071 1131 3153 secedente
1159 3081 1193 3134 ct
1220 3071 1301 3136 Iocis
1328 3083 1431 3137 sture.
1479 3071 1667 3137 Gronovius
1687 3085 1719 3139 et
1742 3073 1890 3141 Muretus
1922 3080 2008 3143 iterare
2037 3081 2146 3146 Ioenrn

532 3186 578 3250 iia
608 3181 870 3250 constituerunia
899 3189 1000 3272 atque
1027 3175 1127 3240 elium
1156 3175 1320 3262 periculo,
1351 3177 1381 3241 si
1406 3176 1537 3242 cedenti
1566 3201 1610 3240 ex
1636 3179 1866 3262 superioribus
1895 3181 1975 3245 Iocis
2006 3183 2150 3251 instaret

534 3289 651 3368 bostis,
672 3293 818 3372 poterat.
862 3279 936 3346 IIos
959 3289 1092 3344 secutus
1116 3301 1200 3342 suus.
1222 3277 1296 3342 BC.
1321 3281 1364 3344 lt.
1384 3313 1423 3328 -·
1447 3303 1509 3344 nce
1530 3284 1622 3342 anxit
1644 3279 1773 3365 copias]
1800 3280 1992 3369 Iiopitarins
2012 3285 2148 3358 verbo·

533 3391 633 3456 crexit
653 3389 687 3452 in
713 3383 837 3452 codicis
860 3382 1037 3450 collatione
1057 3379 1230 3460 omiserat,
1260 3379 1406 3467 itemque
1430 3379 1541 3467 paullo
1568 3391 1644 3468 post
1666 3395 1871 3472 repurporet
1896 3409 1957 3474 pro
1985 3411 2148 3478 κρυψ-

532 3503 611 3560 rent
632 3490 738 3560 codici
760 3509 931 3578 perperam
955 3485 1126 3551 tribuerat.

618 3642 700 3732 Cap.
723 3639 768 3704 V.
794 3635 971 3703 transversi
994 3632 1221 3700 incumbentes
1243 3632 1347 3718 tigni]
1376 3635 1460 3701 Cod.
1491 3647 1687 3702 transuerso
1716 3641 1923 3707 incumbente
1946 3645 2053 3734 tipno,
2081 3669 2147 3709 non

536 3749 644 3842 Iipno,
674 3743 764 3834 quod
799 3741 988 3821 Rebbcros,
1019 3761 1122 3830 quum
1151 3737 1360 3826 b'opitariunr
1390 3739 1422 3803 in
1453 3739 1577 3805 codicis
1609 3739 1784 3806 coiiatioue
1815 3769 1941 3810 errasse
1965 3746 2145 3833 ignoraret,

534 3851 643 3919 codici
671 3845 798 3912 tribuit.
844 3844 961 3932 Itaque
991 3866 1059 3907 non
1086 3853 1167 3924 erat,
1201 3865 1260 3907 cur
1291 3841 1464 3929 Grynacns
1499 3843 1586 3908 insto
1619 3843 1751 3932 longius
1783 3871 1800 3910 a
1834 3849 1959 3914 codicis
1983 3851 2145 3938 scripturo

531 3953 717 4022 discederet
748 3959 846 4037 atque
874 3947 992 4012 borum
1022 3945 1195 4013 verborum
1225 3946 1418 4010 sententiam
1442 3959 1663 4033 perverteret,
1693 3951 1883 4037 praesertim
1912 3975 2012 4040 quana
2035 3957 2147 4046 tipnns

528 4081 592 4148 pro
615 4062 741 4148 tiquam
763 4073 926 4140 nusquam
944 4049 1138 4137 reperiatur,
1160 4061 1193 4113 ct
1216 4049 1331 4116 Livius
1357 4050 1427 4138 ipse
1450 4049 1618 4130 XXXIV,
1642 4049 1695 4116 39.
1720 4053 1874 4120 ambrosio
1898 4059 1990 4146 tipno
2013 4059 2144 4127 dixerit,

530 4161 640 4226 Totus
662 4158 750 4224 enim
771 4158 883 4238 Iocus,
908 4177 972 4220 noa
992 4163 1117 4218 tantnm
1140 4153 1270 4218 liternia
1294 4152 1419 4218 adiecta
1442 4163 1476 4216 et
1497 4155 1657 4219 voeabnio
1685 4179 1816 4223 asseres
1840 4157 2039 4250 subaudita,
2067 4167 2145 4232 sori.

530 4261 659 4330 bandus
683 4271 782 4348 atque
804 4257 1060 4346 distiognendns
1084 4269 1135 4322 est
1157 4258 1244 4321 bunc
1276 4257 1309 4319 in
1332 4256 1490 4322 orodome·
1513 4259 1559 4323 In
1589 4282 1664 4343 eos,
1697 4272 1887 4329 nonsuerso
1919 4269 2144 4344 incumbentes

531 4371 641 4458 tique,
673 4366 720 4428 od
741 4364 883 4428 tricenos
907 4362 999 4451 ionpi
1025 4362 1147 4449 pedes,
1177 4372 1217 4427 nt
1241 4385 1327 4449 pons
1350 4374 1453 4444 esset,
1485 4363 1767 4452 iniungebantur-2
1796 4367 1983 4466 immotaque
2009 4376 2145 4461 insuper
2224 4387 2229 4404 ·

529 4469 754 4538 inficiebatur.
777 4465 853 4534 ΒΟ.
903 4464 1073 4531 Bebkerns
1096 4477 1203 4532 autem
1229 4489 1272 4530 ne
1299 4464 1462 4532 literuiam
1489 4466 1624 4554 quidem
1648 4467 1737 4533 iliam
1760 4495 1777 4534 a
1800 4471 1952 4562 Grpnaeo
1976 4485 2083 4558 recte,
2107 4490 2144 4543 ut

529 4575 660 4666 opinor,
683 4571 844 4637 adiectam
864 4568 1014 4655 retinuit,
1038 4568 1098 4636 sed
1117 4571 1325 4638 incumbente
1344 4569 1459 4636 edidit.
1490 4569 1605 4636 Utrum
1628 4571 1750 4660 piacet,
1771 4577 1903 4641 sumite.
1928 4575 2011 4642 Mibi
2035 4590 2142 4646 tamea

529 4698 659 4744 asseres
687 4675 733 4737 od
763 4675 905 4739 tricenos
936 4673 1029 4762 Ionpi
1053 4675 1156 4761 pedes
1183 4675 1273 4764 tipno
1308 4683 1500 4742 transuerso
1530 4676 1721 4744 incumbere
1743 4681 1864 4744 rectius
1888 4678 1954 4744 diei
1977 4679 2143 4769 videntur,

527 4806 624 4874 quam
648 4781 775 4872 tipnum
796 4786 1021 4844 transuersum
1043 4779 1171 4844 dnobus
1193 4777 1316 4843 noiidis
1338 4777 1506 4843 asseribus
1528 4780 1563 4843 in
1586 4789 1679 4846 terra
1703 4780 1822 4872 defixis
1846 4779 2047 4852 incumbere.
2086 4786 2143 4856 IIIi
