4770 5994
1856 687 1903 762 tt

302 852 366 913 rap.
390 839 441 902 20.
464 829 613 914 sensisse]
637 829 769 897 rettulere
790 830 862 895 Cod.
885 832 935 897 stc
957 847 988 898 et
1007 831 1087 902 alibi.
1116 871 1159 884 -
1187 861 1250 921 sap·
1271 851 1319 906 st.
1342 841 1525 918 Phanotam]
1556 844 1731 910 Hecatam.
1754 887 1796 901 --·
1827 853 1900 925 ibid.

301 932 404 1008 ruinis.
426 932 547 1016 mansit]
571 937 666 997 amnis
683 977 725 1002 ...
740 937 857 999 marisii.
886 971 929 989 ..-
959 938 1072 1015 XLIV,
1096 949 1128 1006 6·
1151 947 1309 1012 transversi
1329 947 1532 1014 'decumbentes
1550 951 1647 1036 tigni]
1669 969 1830 1018 transverso
1850 960 1901 1018 in-

301 1033 448 1102 ramlera
468 1040 548 1120 tigno
571 1035 647 1102 cod.
668 1071 712 1089 -v
732 1037 803 1104 ibid.
826 1054 930 1122 eaptus
955 1041 1108 1124 undique]
1129 1049 1215 1126 rapa
1236 1047 1369 1132 undique.
1390 1087 1434 1100 -
1458 1053 1530 1116 ibid.
1553 1058 1667 1137 nactis]
1690 1063 1804 1121 narraris
1826 1059 1899 1125 cod.

300 1172 345 1186 -
366 1160 431 1221 cap.
455 1149 486 1206 6.
509 1139 631 1212 alterurn
654 1140 908 1234 Asclepiodotum,
932 1146 984 1210 ubi
1004 1149 1130 1228 pecnnia
1152 1150 1284 1234 deposita
1307 1171 1377 1232 erat,
1400 1177 1439 1220 ex
1452 1161 1604 1240 praesidiis
1618 1166 1751 1246 revocat]
1775 1163 1900 1226 alterurn

300 1269 387 1327 arque
409 1237 451 1306 od
469 1243 646 1327 patirum...
653 1248 777 1327 pecunia
799 1245 929 1331 &posita
951 1265 1014 1315 crat
1032 1291 1076 1312 ...
1091 1275 1132 1314 esc
1151 1255 1307 1334 praesidis
1329 1277 1443 1326 renarrat
1466 1261 1538 1324 cod.
1559 1299 1602 1314 ·-
1629 1267 1698 1328 ibid.
1723 1266 1899 1353 demigrare]

302 1347 479 1429 &migrasse
500 1347 573 1410 Cod.
601 1383 644 1396 -
669 1372 734 1433 cain
759 1359 788 1424 7.
810 1353 956 1436 segnitie]
977 1356 1101 1436 segnitia
1124 1353 1198 1422 Cod·
1220 1395 1264 1410 -
1296 1385 1361 1445 sap.
1383 1373 1412 1428 9.
1435 1369 1511 1450 regis
1534 1368 1655 1453 caruis]
1678 1373 1764 1452 regin
1785 1374 1898 1434 cnara.

300 1487 344 1504 ·-
371 1475 434 1535 cap.
468 1458 518 1518 11.
548 1454 579 1514 in
607 1451 698 1516 atrum
732 1455 957 1540 magnitudine]
983 1458 1014 1516 in
1047 1453 1124 1519 altus
1152 1463 1351 1542 magniardbre
1379 1467 1451 1530 Cod.
1483 1473 1567 1534 Haec
1594 1476 1679 1536 uncis
1704 1475 1828 1538 inclusa.
1856 1509 1900 1525 --

301 1579 364 1640 qap.
389 1565 438 1632 12,
457 1553 578 1637 Pytho]
600 1553 694 1638 Phyto
718 1554 792 1619 cod.
821 1593 863 1604 -·
892 1581 956 1642 cap·
979 1567 1027 1625 ts.
1049 1571 1168 1642 genten
1183 1561 1195 1584 '
1217 1567 1347 1650 scirent]
1368 1587 1478 1651 gentem
1504 1576 1618 1637 scirent.
1646 1611 1689 1626 -u
1716 1579 1788 1640 ibid.
1810 1578 1898 1648 baius

301 1661 387 1746 belli]
410 1667 468 1734 eiras
491 1660 562 1726 belli
584 1662 657 1729 cod.
679 1665 769 1726 Frcb.
789 1675 814 1734 1.
835 1701 878 1715 --
899 1687 963 1748 cap.
987 1675 1036 1732 18.
1057 1683 1252 1748 possentne.
1275 1669 1417 1753 Senatus]
1437 1699 1527 1757 passe.
1550 1695 1672 1740 acanus.
1692 1717 1735 1728 --
1754 1705 1821 1765 cap.
1844 1689 1898 1758 13.

299 1769 420 1856 regibus
441 1769 540 1836 vocati
562 1767 645 1847 runt]
669 1764 803 1848 regibas'
816 1771 913 1832 vocati
932 1784 1008 1833 sunt.
1026 1806 1069 1818 —-
1082 1772 1335 1860 ibid.=pntiretur]
1352 1795 1495 1860 pctnaur
1516 1781 1588 1845 Cad.
1605 1820 1648 1832 --
1669 1785 1741 1846 ibid.
1763 1786 1900 1848 Alexan«

298 1870 406 1954 dnanr]
418 1869 656 1935 Alexandream.
690 1871 793 1937 Paullo
816 1887 883 1954 past
904 1894 1023 1955 quoque
1043 1871 1273 1942 Alexanrbmnr
1295 1895 1324 1940 et
1338 1881 1560 1962 Alexandreae,
1584 1889 1663 1968 quod
1683 1905 1840 1971 atrumque
1861 1893 1894 1956 in

298 1975 400 2064 codice
422 1973 540 2057 legitur·
564 2009 608 2022 -··
629 1996 692 2056 cap.
717 1979 766 2042 24.
790 1975 942 2052 Pausiam]
965 1975 1090 2040 Prusian
1113 1977 1186 2050 coa.
1208 1983 1297 2046 Frob.
1317 1992 1345 2050 1.
1367 1987 1398 2050 in
1420 1989 1527 2068 quibas
1544 1989 1646 2072 perillo
1667 2008 1735 2074 post
1754 1999 1898 2079 pityrion,

298 2095 332 2152 ut
353 2081 383 2149 h.
404 2080 425 2142 l·
445 2084 577 2166 ptysiaa,
599 2095 628 2144 et
650 2079 786 2146 Roriam
809 2084 964 2164 reperitur·
988 2119 1031 2130 -
1051 2083 1125 2150 ibid.
1144 2083 1280 2166 Erupoa]
1301 2085 1485 2170 Hieronica.
1515 2093 1595 2156 idern
1617 2116 1724 2159 nomen
1744 2097 1898 2161 Bclrkerur

298 2185 384 2255 maur
409 2208 472 2268 cop.
495 2189 546 2248 27.
571 2199 600 2244 et
621 2189 672 2252 28.
692 2183 738 2252 ilii
759 2187 918 2252 substituit.
947 2221 991 2235 --
1018 2208 1082 2269 cap.
1101 2197 1152 2257 16.
1183 2189 1237 2250 ssd
1258 2193 1345 2251 etiam
1365 2193 1487 2277 Gentii]
1515 2197 1565 2258 aad
1585 2215 1610 2258 et
1633 2217 1700 2262 aare
1724 2200 1828 2282 lierni.
1855 2239 1899 2260 ψ

297 2285 369 2348 ibid.
392 2287 492 2347 castris
513 2280 606 2370 regis]
630 2287 734 2346 castris
757 2288 853 2367 regiis.
875 2321 919 2334 -
941 2295 1070 2370 cap-27·
1090 2288 1259 2370 Adparsbat
1280 2295 1310 2356 in
1334 2299 1487 2386 omnibus]
1508 2304 1670 2385 appendat
1693 2307 1833 2370 omnibns.
1854 2345 1898 2360 ·-

298 2410 362 2470 cap.
383 2397 434 2452 28.
457 2385 657 2472 hippagogos]
681 2387 861 2472 hippagogus
881 2389 955 2450 Cod.
978 2391 1067 2452 Frob.
1083 2402 1110 2458 t.
1128 2427 1172 2439 —-
1191 2417 1255 2478 cap.
1278 2406 1330 2460 29.
1353 2397 1496 2484 religione
1519 2403 1592 2487 loci]
1616 2407 1764 2491 religione,
1787 2413 1897 2476 omisso

294 2491 443 2554 vocabulo
471 2490 540 2554 loci.
573 2493 793 2577 Typcgraphue
820 2517 959 2579 peccasse
986 2495 1115 2558 videtur.
1143 2533 1186 2546 -·-
1219 2522 1282 2583 cap.
1307 2507 1356 2562 3ο.
1379 2505 1565 2598 Epicadum]
1590 2507 1741 2574 Picadum.
1763 2552 1806 2564 —-
1826 2517 1897 2577 ibid.

297 2594 489 2678 conventis]
515 2593 701 2660 Garavandir
722 2599 797 2665 cod.
827 2636 870 2647 -
900 2623 963 2682 cap.
988 2608 1040 2664 31.
1071 2601 1101 2660 id
1123 2603 1204 2684 quod
1225 2605 1297 2666 belli
1320 2623 1408 2692 capnt
1427 2609 1541 2694 iuerat]
1569 2613 1600 2672 id
1621 2617 1698 2698 quod
1720 2615 1790 2679 belli
1811 2637 1898 2702 caput

295 2713 369 2758 nat.
390 2733 433 2747 --
451 2700 523 2758 ibid.
547 2699 691 2778 coenam]
715 2723 817 2759 cenam
838 2699 911 2760 cod.
933 2736 976 2749 --
1004 2701 1077 2759 ibid.
1099 2705 1262 2788 recideret]
1285 2710 1437 2771 reccideret
1459 2715 1531 2776 Cod.
1554 2753 1597 2764 -
1617 2743 1680 2801 cap.
1701 2727 1751 2782 32.
1775 2725 1897 2786 Andro-

296 2802 388 2882 elem]
410 2801 585 2863 Androclen
606 2801 682 2864 Cod.
706 2805 798 2860 Frob.
815 2815 843 2862 1.
929 2804 1000 2858 ibid.
1023 2805 1163 2884 Aeniam]
1177 2808 1300 2867 Aenean
1322 2813 1397 2873 cod.
1419 2851 1463 2860 -—-
1482 2820 1554 2880 ibid.
1575 2817 1667 2906 Milo]
1689 2825 1799 2886 Midon
1821 2825 1896 2890 cod.

295 2908 387 2966 Frob.
408 2915 434 2968 1.
456 2905 505 2964 Sic
529 2917 558 2963 et
579 2901 719 2962 111111-
740 2925 804 2984 cap.
828 2903 880 2965 34.
901 2905 943 2964 eis
964 2901 1116 2986 praebeat]
1138 2907 1173 2966 iis
1191 2909 1331 2993 praebeat
1354 2913 1426 2976 Cod.
1447 2954 1490 2966 —-
1516 2944 1578 3004 cap.
1599 2929 1649 2986 37.
1672 2925 1895 3016 detrectatione]

295 3009 505 3070 detractmione
525 3005 599 3067 Cod.
613 3041 656 3052 -
670 3006 741 3066 ibid.
762 3004 942 3088 detrectans]
964 3003 1131 3069 detractans
1151 3011 1224 3079 cod.
1236 3051 1279 3063 ·-
1292 3041 1355 3101 cap.
1369 3021 1421 3081 40.
1436 3038 1485 3084 aut
1505 3026 1636 3106 consule,
1652 3047 1701 3091 aut
1716 3055 1796 3118 rege,
1815 3059 1895 3121 rege,

296 3116 376 3199 quod
393 3138 449 3175 nec
465 3109 574 3196 fessos]
592 3129 643 3173 aar
663 3110 774 3174 consuli
789 3130 839 3172 aut
862 3114 1060 3196 regi...quod
1081 3140 1132 3176 neo
1144 3116 1245 3208 srrssos
1267 3119 1339 3184 cod.
1355 3161 1398 3171 -
1410 3127 1481 3188 ibid.
1494 3131 1629 3211 consule]
1647 3134 1758 3197 consuli
1770 3139 1896 3203 cod.-

294 3221 367 3280 ibid.
387 3215 431 3281 M.
444 3213 580 3301 Sergius]
599 3215 659 3277 M’.
672 3215 788 3298 Sergius
801 3217 906 3302 Sigon.
918 3253 961 3265 -
975 3219 1045 3278 ibid.
1060 3221 1091 3281 id
1111 3223 1291 3307 iumentum]
1316 3229 1399 3290 Haec
1419 3235 1510 3293 verba
1528 3238 1612 3298 uncis
1634 3237 1745 3302 inclusa
1766 3259 1895 3306 sunt,-

296 3344 361 3405 cap.
370 3323 423 3388 42.
438 3319 719 3403 tenebant]tenrlat
732 3319 880 3380 61011-
897 3319 1021 3402 euplii.
1037 3321 1072 3380 ln
1086 3324 1181 3407 regia]
1197 3331 1226 3385 r'n
1242 3333 1354 3410 regiam
1368 3331 1442 3395 Cod.
1459 3373 1502 3382 -
1515 3337 1613 3415 XLV,
1625 3349 1652 3403 1.
1669 3345 1788 3422 diceret,
1800 3345 1813 3368 '
1826 3348 1894 3412 lau-

293 3423 402 3508 restas]
424 3424 537 3500 diceret,
560 3421 719 3488 laureatas.
734 3459 776 3470 -
797 3445 861 3504 cap.
880 3431 912 3488 2.
935 3423 1059 3506 ingressi
1077 3423 1180 3507 sunt]
1194 3430 1327 3492 Verbum
1348 3450 1413 3492 sunt
1434 3441 1517 3500 uncis
1538 3442 1693 3509 inclusum.
1714 3483 1757 3494 —-
1777 3473 1840 3536 cap,
1863 3462 1894 3520 3,

294 3535 412 3616 quando
433 3529 531 3615 linito]
550 3530 667 3614 artando
680 3528 694 3552 ⁴*
709 3533 810 3614 finito.
831 3565 874 3578 --
896 3552 960 3612 cap.
978 3541 1007 3594 5.
1030 3527 1174 3611 pollutam
1193 3533 1340 3596 homicida
1362 3541 1520 3623 sanguine]
1537 3543 1634 3625 pollui
1656 3573 1719 3610 eam
1743 3552 1894 3626 homicida

297 3635 495 3718 ...eangiirre
515 3635 587 3697 cod.
609 3670 651 3681 ·-—
669 3634 741 3694 ibid.
762 3630 953 3715 Theondsm]
972 3631 1133 3692 Theondan
1151 3635 1223 3697 cod.
1245 3640 1333 3699 Frob.
1351 3649 1377 3704 1.
1399 3678 1442 3689 —-
1459 3644 1531 3705 ibid.
1554 3650 1658 3734 subiit]
1678 3653 1753 3714 subit
1769 3653 1894 3726 Cori.—

295 3767 361 3828 oap.
387 3754 416 3808 6.
439 3741 593 3803 Oroandes
615 3743 672 3800 iarn
695 3753 766 3815 turn,
788 3741 857 3800 dum
879 3740 1005 3821 pecnnia
1027 3738 1202 3814 deferretur,
1223 3741 1348 3825 primis]
1374 3741 1526 3807 Oroandes
1548 3765 1660 3812 tantum
1683 3753 1750 3816 dum
1770 3765 1894 3841 pecunia

295 3849 523 3935 elefantum...
545 3847 650 3926 primis
672 3843 746 3904 cod.
768 3877 811 3891 -
833 3842 1035 3926 aliquamdiu]
1058 3841 1230 3926 aliquandiu
1252 3847 1341 3909 Frob.
1368 3857 1394 3912 1.
1421 3887 1464 3898 -
1486 3875 1549 3936 cap.
1573 3864 1602 3919 8.
1624 3860 1695 3938 quid
1716 3884 1824 3946 vesper
1845 3867 1892 3926 le-

294 3952 353 4036 ret]
376 3949 446 4036 quid
466 3971 563 4031 vesper
578 3945 591 3972 ⁴
604 3945 705 4033 ferar.
729 3982 769 3992 -—
791 3967 855 4028 cap.
878 3951 926 4005 10.
950 3966 985 4006 eo
1008 3943 1146 4026 quoque]
1169 3970 1217 4023 eo,
1245 3949 1353 4012 vocula
1376 3977 1485 4038 quoquc
1515 3959 1628 4021 omissa.
1663 3965 1751 4026 Haud
1773 3970 1834 4037 scio
1854 3994 1892 4040 a„

295 4055 498 4138 typographus
520 4051 698 4135 peccaverit.
717 4085 760 4098 -
781 4072 843 4132 cap.
868 4059 917 4114 11.
938 4049 1043 4110 frustra
1064 4051 1183 4111 tentatis
1203 4055 1357 4115 moenibus
1380 4056 1576 4120 Alexandriae
1595 4064 1793 4154 abscesserat]
1810 4062 1899 4156 sm.'

295 4173 359 4218 rtra
380 4157 498 4216 tnrtatis
520 4153 665 4215 moenibus
678 4149 878 4212 Alexandrea
901 4149 1078 4210 abscesserat
1099 4149 1190 4212 Gran.
1212 4189 1255 4200 --
1276 4155 1346 4217 ibid.
1370 4159 1502 4242 cederet]
1524 4161 1675 4227 cederetur.
1694 4205 1737 4215 --
1759 4196 1822 4261 cap,
1840 4175 1890 4244 13,

295 4283 371 4346 qu„
392 4259 507 4322 „nami
527 4257 707 4340 placuisset]
735 4259 847 4316 senatrd
868 4279 942 4339 qaae
962 4253 1117 4336 placuisset
1137 4255 1210 4316 cod.
1238 4295 1281 4307 -
1307 4283 1370 4342 cap.
1397 4273 1444 4324 15.
1474 4265 1497 4323 si
1528 4267 1605 4328 tribu
1634 4293 1754 4336 movere
1777 4279 1892 4366 posset]

294 4363 415 4428 ,gm'hu
435 4383 547 4422 monere
564 4366 654 4444 possit
675 4361 765 4422 Drak.
785 4397 828 4410 --
848 4360 919 4421 ibid.
940 4375 1043 4422 senatu
1066 4362 1155 4419 emoti
1176 4359 1259 4444 sunt]
1280 4378 1379 4421 senatu
1399 4369 1471 4425 moti
1489 4386 1561 4432 sunt.
1584 4409 1626 4420 -
1647 4377 1720 4437 ibid.
1742 4383 1820 4442 tribu
1841 4406 1892 4444 re·

294 4467 382 4553 moti]
405 4467 480 4528 ..σῶμ
502 4469 582 4528 mori.
603 4504 646 4514 -
667 4467 737 4526 ibid.
760 4462 915 4546 bimensis]
937 4487 992 4525 sex
1011 4489 1149 4528 mensam.
1171 4502 1214 4516 -
1235 4491 1297 4549 cap.
1320 4477 1368 4534 16.
1392 4469 1520 4564 pluerat]
1540 4477 1681 4560 placuerat.
1700 4520 1743 4532 -
1763 4495 1890 4570 cap.17.

293 4580 341 4641 his
362 4572 580 4652 consularibus]
590 4575 627 4631 iis
641 4571 839 4632 consularibus
855 4571 928 4632 God.
943 4607 985 4621 --
1001 4595 1064 4656 cap.
1074 4578 1123 4632 19.
1135 4569 1353 4656 militaverant]
1367 4575 1567 4664 militaverant
1589 4581 1667 4645 Cler.
1682 4623 1724 4634 -·
1737 4590 1810 4650 ibid.
1826 4592 1891 4653 sol-

293 4681 497 4759 licitatumque
525 4677 582 4736 iarn
612 4671 763 4759 animuin]
791 4673 1035 4760 sollicitatumque
1058 4675 1165 4762 [iam]
1196 4669 1335 4740 anianum.
1364 4719 1407 4728 —-
1429 4705 1491 4764 cap.
1515 4689 1564 4744 23.
1595 4701 1627 4746 ut
1649 4709 1687 4747 ne
1710 4693 1745 4750 ab
1769 4707 1889 4779 utraque

295 4783 391 4870 Pam]
414 4800 444 4845 „f
466 4807 500 4842 ne
521 4782 559 4842 ab
581 4797 648 4841 „sm
668 4777 779 4864 quidem
802 4797 897 4862 parte.
926 4818 969 4832 ——
998 4807 1060 4866 cap.
1085 4783 1136 4845 24.
1160 4804 1215 4844 vos
1237 4783 1384 4865 iudicate]
1411 4808 1461 4845 aas
1484 4786 1618 4850 dedicatis
1645 4789 1719 4854 cod.
1747 4829 1791 4844 ·-
1817 4795 1887 4858 ibid.
