<?xml version="1.0" encoding="UTF-8"?>
<!DOCTYPE html PUBLIC "-//W3C//DTD XHTML 1.0 Transitional//EN"
    "http://www.w3.org/TR/xhtml1/DTD/xhtml1-transitional.dtd">
<html xmlns="http://www.w3.org/1999/xhtml" xml:lang="en" lang="en">
 <head>
  <title>
</title>
<meta http-equiv="Content-Type" content="text/html;charset=utf-8" />
  <meta name='ocr-system' content='tesseract 3.04.00' />
  <meta name='ocr-capabilities' content='ocr_page ocr_carea ocr_par ocr_line ocrx_word'/>
</head>
<body>
  <div class='ocr_page' id='page_1' title='image "./annotationesadt00kreygoog_0113.png"; bbox 0 0 4814 5970; ppageno 0'>
   <div class='ocr_carea' id='block_1_1' title="bbox 500 687 579 763">
    <p class='ocr_par' dir='ltr' id='par_1_1' title="bbox 500 687 579 763">
     <span class='ocr_line' id='line_1_1' title="bbox 500 687 579 763; baseline 0 -1"><span class='ocrx_word' id='word_1_1' title='bbox 500 687 579 763; x_wconf 82' lang='lat'><strong>108·</strong></span> 
     </span>
    </p>
   </div>
   <div class='ocr_carea' id='block_1_2' title="bbox 501 829 2117 1048">
    <p class='ocr_par' dir='ltr' id='par_1_2' title="bbox 501 829 2117 1048">
     <span class='ocr_line' id='line_1_2' title="bbox 501 829 2117 940; baseline -0.008 -17"><span class='ocrx_word' id='word_1_2' title='bbox 501 865 536 938; x_wconf 83' lang='lat' dir='ltr'><strong>et</strong></span> <span class='ocrx_word' id='word_1_3' title='bbox 554 853 658 922; x_wconf 76' lang='lat' dir='ltr'><strong>Frob.</strong></span> <span class='ocrx_word' id='word_1_4' title='bbox 683 854 714 918; x_wconf 95' lang='lat' dir='ltr'><strong>I.</strong></span> <span class='ocrx_word' id='word_1_5' title='bbox 736 850 873 940; x_wconf 79' lang='lat' dir='ltr'><strong>legitur.</strong></span> <span class='ocrx_word' id='word_1_6' title='bbox 918 829 1100 930; x_wconf 78' lang='lat' dir='ltr'><strong>llelilierus,</strong></span> <span class='ocrx_word' id='word_1_7' title='bbox 1125 858 1163 912; x_wconf 88' lang='lat' dir='ltr'><strong>ut</strong></span> <span class='ocrx_word' id='word_1_8' title='bbox 1184 845 1248 912; x_wconf 84' lang='lat' dir='ltr'><strong>sibi</strong></span> <span class='ocrx_word' id='word_1_9' title='bbox 1270 855 1446 926; x_wconf 86' lang='lat' dir='ltr'><strong>constaret,</strong></span> <span class='ocrx_word' id='word_1_10' title='bbox 1468 845 1628 933; x_wconf 83' lang='lat' dir='ltr'><strong>pluoerat</strong></span> <span class='ocrx_word' id='word_1_11' title='bbox 1649 843 1797 934; x_wconf 85' lang='lat' dir='ltr'><strong>scripsit.</strong></span> <span class='ocrx_word' id='word_1_12' title='bbox 1819 879 1858 894; x_wconf 84' lang='lat'>-</span> <span class='ocrx_word' id='word_1_13' title='bbox 1881 867 1899 908; x_wconf 94' lang='lat' dir='ltr'><strong>e</strong></span> <span class='ocrx_word' id='word_1_14' title='bbox 1918 843 2010 926; x_wconf 90' lang='lat' dir='ltr'><strong>Ioco]</strong></span> <span class='ocrx_word' id='word_1_15' title='bbox 2031 843 2117 912; x_wconf 74' lang='lat' dir='ltr'><strong>Gai.</strong></span> 
     </span>
     <span class='ocr_line' id='line_1_3' title="bbox 502 946 1962 1048; baseline -0.01 -22"><span class='ocrx_word' id='word_1_16' title='bbox 502 969 537 1026; x_wconf 89' lang='lat' dir='ltr'><strong>et</strong></span> <span class='ocrx_word' id='word_1_17' title='bbox 555 959 644 1048; x_wconf 77' lang='lat' dir='ltr'><strong>soca,</strong></span> <span class='ocrx_word' id='word_1_18' title='bbox 668 957 722 1024; x_wconf 92' lang='lat' dir='ltr'><strong>eui</strong></span> <span class='ocrx_word' id='word_1_19' title='bbox 745 980 787 1021; x_wconf 81' lang='lat' dir='ltr'><strong>ex</strong></span> <span class='ocrx_word' id='word_1_20' title='bbox 808 953 884 1044; x_wconf 71' lang='lat' dir='ltr'><strong>socc</strong></span> <span class='ocrx_word' id='word_1_21' title='bbox 908 953 1078 1018; x_wconf 86' lang='lat' dir='ltr'><strong>substitui.</strong></span> <span class='ocrx_word' id='word_1_22' title='bbox 1101 951 1178 1019; x_wconf 86' lang='grc' dir='ltr'><strong>Βθ.</strong></span> <span class='ocrx_word' id='word_1_23' title='bbox 1200 951 1245 1017; x_wconf 90' lang='grc' dir='ltr'><strong>Β.</strong></span> <span class='ocrx_word' id='word_1_24' title='bbox 1289 949 1371 1016; x_wconf 84' lang='lat' dir='ltr'><strong>vid.</strong></span> <span class='ocrx_word' id='word_1_25' title='bbox 1397 971 1480 1037; x_wconf 90' lang='lat' dir='ltr'><strong>quae</strong></span> <span class='ocrx_word' id='word_1_26' title='bbox 1501 948 1543 1013; x_wconf 90' lang='lat' dir='ltr'><strong>ad</strong></span> <span class='ocrx_word' id='word_1_27' title='bbox 1564 947 1695 1031; x_wconf 78' lang='lat' dir='ltr'><strong>XLIV,</strong></span> <span class='ocrx_word' id='word_1_28' title='bbox 1717 947 1772 1013; x_wconf 81' lang='lat' dir='ltr'><strong>te.</strong></span> <span class='ocrx_word' id='word_1_29' title='bbox 1796 946 1962 1018; x_wconf 74' lang='lat' dir='ltr'><strong>unotari.</strong></span> 
     </span>
    </p>
   </div>
   <div class='ocr_carea' id='block_1_3' title="bbox 500 1078 2120 1490">
    <p class='ocr_par' dir='ltr' id='par_1_3' title="bbox 500 1078 2120 1490">
     <span class='ocr_line' id='line_1_4' title="bbox 586 1078 2119 1182; baseline -0.009 -24"><span class='ocrx_word' id='word_1_30' title='bbox 586 1093 669 1182; x_wconf 86' lang='lat' dir='ltr'><strong>Cap.</strong></span> <span class='ocrx_word' id='word_1_31' title='bbox 693 1091 809 1158; x_wconf 89' lang='lat' dir='ltr'><strong>XVII.</strong></span> <span class='ocrx_word' id='word_1_32' title='bbox 834 1088 873 1154; x_wconf 91' lang='lat' dir='ltr'><strong>In</strong></span> <span class='ocrx_word' id='word_1_33' title='bbox 894 1079 1123 1154; x_wconf 84' lang='lat' dir='ltr'><strong>Macedoniam</strong></span> <span class='ocrx_word' id='word_1_34' title='bbox 1146 1096 1224 1151; x_wconf 81' lang='lat' dir='ltr'><strong>suant</strong></span> <span class='ocrx_word' id='word_1_35' title='bbox 1243 1085 1276 1150; x_wconf 81' lang='lat' dir='ltr'><strong>lii</strong></span> <span class='ocrx_word' id='word_1_36' title='bbox 1299 1081 1474 1166; x_wconf 88' lang='lat' dir='ltr'><strong>nominati]</strong></span> <span class='ocrx_word' id='word_1_37' title='bbox 1497 1079 1582 1147; x_wconf 87' lang='lat' dir='ltr'><strong>Cod.</strong></span> <span class='ocrx_word' id='word_1_38' title='bbox 1606 1084 1643 1146; x_wconf 89' lang='lat' dir='ltr'><strong>in</strong></span> <span class='ocrx_word' id='word_1_39' title='bbox 1664 1081 1894 1146; x_wconf 89' lang='lat' dir='ltr'><strong>macedoniam</strong></span> <span class='ocrx_word' id='word_1_40' title='bbox 1920 1078 2042 1168; x_wconf 84' lang='lat' dir='ltr'><strong>culpmi</strong></span> <span class='ocrx_word' id='word_1_41' title='bbox 2061 1103 2119 1145; x_wconf 93' lang='lat' dir='ltr'><strong>no·</strong></span> 
     </span>
     <span class='ocr_line' id='line_1_5' title="bbox 500 1183 2118 1282; baseline -0.011 -17"><span class='ocrx_word' id='word_1_42' title='bbox 500 1199 633 1280; x_wconf 76' lang='lat' dir='ltr'><strong>miranti,</strong></span> <span class='ocrx_word' id='word_1_43' title='bbox 655 1195 750 1261; x_wconf 87' lang='lat' dir='ltr'><strong>litera</strong></span> <span class='ocrx_word' id='word_1_44' title='bbox 769 1217 792 1282; x_wconf 86' lang='lat' dir='ltr'><strong>p</strong></span> <span class='ocrx_word' id='word_1_45' title='bbox 815 1193 964 1276; x_wconf 88' lang='lat' dir='ltr'><strong>inducta,</strong></span> <span class='ocrx_word' id='word_1_46' title='bbox 988 1203 1023 1256; x_wconf 92' lang='lat' dir='ltr'><strong>ut</strong></span> <span class='ocrx_word' id='word_1_47' title='bbox 1046 1191 1146 1258; x_wconf 84' lang='lat' dir='ltr'><strong>culmi</strong></span> <span class='ocrx_word' id='word_1_48' title='bbox 1166 1190 1342 1277; x_wconf 79' lang='lat' dir='ltr'><strong>legeretur.</strong></span> <span class='ocrx_word' id='word_1_49' title='bbox 1389 1185 1521 1276; x_wconf 78' lang='lat' dir='ltr'>Oedipo</span> <span class='ocrx_word' id='word_1_50' title='bbox 1546 1184 1731 1251; x_wconf 90' lang='lat' dir='ltr'><strong>coniectore</strong></span> <span class='ocrx_word' id='word_1_51' title='bbox 1754 1205 1840 1271; x_wconf 89' lang='lat' dir='ltr'><strong>opus</strong></span> <span class='ocrx_word' id='word_1_52' title='bbox 1871 1193 1933 1249; x_wconf 90' lang='lat' dir='ltr'><strong>est.</strong></span> <span class='ocrx_word' id='word_1_53' title='bbox 1957 1220 2001 1234; x_wconf 91' lang='lat'><em>-</em></span> <span class='ocrx_word' id='word_1_54' title='bbox 2022 1183 2118 1247; x_wconf 88' lang='lat' dir='ltr'><strong>ambo</strong></span> 
     </span>
     <span class='ocr_line' id='line_1_6' title="bbox 501 1287 2120 1382; baseline -0.009 -17"><span class='ocrx_word' id='word_1_55' title='bbox 501 1297 661 1382; x_wconf 88' lang='lat' dir='ltr'><strong>censorii]</strong></span> <span class='ocrx_word' id='word_1_56' title='bbox 686 1299 770 1364; x_wconf 84' lang='lat' dir='ltr'><strong>Cod.</strong></span> <span class='ocrx_word' id='word_1_57' title='bbox 792 1297 889 1365; x_wconf 86' lang='lat' dir='ltr'><strong>ambo</strong></span> <span class='ocrx_word' id='word_1_58' title='bbox 911 1297 971 1362; x_wconf 89' lang='lat' dir='ltr'><strong>olii</strong></span> <span class='ocrx_word' id='word_1_59' title='bbox 991 1299 1145 1362; x_wconf 82' lang='lat' dir='ltr'><strong>censorii.</strong></span> <span class='ocrx_word' id='word_1_60' title='bbox 1190 1293 1285 1361; x_wconf 85' lang='lat' dir='ltr'><strong>Nihil</strong></span> <span class='ocrx_word' id='word_1_61' title='bbox 1307 1289 1488 1381; x_wconf 78' lang='lat' dir='ltr'>quidquam</span> <span class='ocrx_word' id='word_1_62' title='bbox 1510 1287 1710 1356; x_wconf 82' lang='lat' dir='ltr'><strong>novandum.</strong></span> <span class='ocrx_word' id='word_1_63' title='bbox 1726 1325 1770 1338; x_wconf 78' lang='lat'><em>-</em></span> <span class='ocrx_word' id='word_1_64' title='bbox 1786 1287 1851 1354; x_wconf 83' lang='lat' dir='ltr'><strong>His</strong></span> <span class='ocrx_word' id='word_1_65' title='bbox 1875 1287 2120 1366; x_wconf 84' lang='lat' dir='ltr'><strong>consularibus]</strong></span> 
     </span>
     <span class='ocr_line' id='line_1_7' title="bbox 503 1393 2119 1490; baseline -0.006 -21"><span class='ocrx_word' id='word_1_66' title='bbox 503 1402 588 1470; x_wconf 88' lang='lat' dir='ltr'><strong>Cod.</strong></span> <span class='ocrx_word' id='word_1_67' title='bbox 611 1407 639 1470; x_wconf 83' lang='lat' dir='ltr'><strong>ia</strong></span> <span class='ocrx_word' id='word_1_68' title='bbox 661 1403 903 1470; x_wconf 82' lang='lat' dir='ltr'><strong>consularibus.</strong></span> <span class='ocrx_word' id='word_1_69' title='bbox 950 1401 1055 1468; x_wconf 87' lang='lat' dir='ltr'><strong>Recte</strong></span> <span class='ocrx_word' id='word_1_70' title='bbox 1086 1401 1187 1490; x_wconf 75' lang='lat' dir='ltr'><strong>igitur</strong></span> <span class='ocrx_word' id='word_1_71' title='bbox 1210 1399 1377 1467; x_wconf 75' lang='lat' dir='ltr'><strong>Belakerus</strong></span> <span class='ocrx_word' id='word_1_72' title='bbox 1398 1395 1451 1461; x_wconf 84' lang='lat' dir='ltr'><strong>bis</strong></span> <span class='ocrx_word' id='word_1_73' title='bbox 1481 1395 1515 1460; x_wconf 93' lang='lat' dir='ltr'><strong>in</strong></span> <span class='ocrx_word' id='word_1_74' title='bbox 1543 1397 1585 1461; x_wconf 85' lang='lat' dir='ltr'><strong>iis</strong></span> <span class='ocrx_word' id='word_1_75' title='bbox 1608 1393 1756 1460; x_wconf 86' lang='lat' dir='ltr'><strong>mutavit.</strong></span> <span class='ocrx_word' id='word_1_76' title='bbox 1781 1432 1822 1446; x_wconf 90' lang='lat'>—</span> <span class='ocrx_word' id='word_1_77' title='bbox 1844 1393 2119 1479; x_wconf 86' lang='lat' dir='ltr'><strong>Tuseiveicanus]</strong></span> 
     </span>
    </p>
   </div>
   <div class='ocr_carea' id='block_1_4' title="bbox 504 1497 2121 1696">
    <p class='ocr_par' dir='ltr' id='par_1_4' title="bbox 504 1497 2121 1696">
     <span class='ocr_line' id='line_1_8' title="bbox 504 1497 2120 1594; baseline -0.009 -18"><span class='ocrx_word' id='word_1_78' title='bbox 504 1509 589 1576; x_wconf 84' lang='lat' dir='ltr'><strong>cod.</strong></span> <span class='ocrx_word' id='word_1_79' title='bbox 614 1511 869 1587; x_wconf 83' lang='lat' dir='ltr'><strong>tnscineicanns,</strong></span> <span class='ocrx_word' id='word_1_80' title='bbox 895 1505 991 1571; x_wconf 87' lang='lat' dir='ltr'><strong>litera</strong></span> <span class='ocrx_word' id='word_1_81' title='bbox 1019 1515 1184 1594; x_wconf 88' lang='lat' dir='ltr'><strong>epuueto</strong></span> <span class='ocrx_word' id='word_1_82' title='bbox 1213 1498 1472 1592; x_wconf 89' lang='lat' dir='ltr'><strong>superimposito</strong></span> <span class='ocrx_word' id='word_1_83' title='bbox 1501 1497 1648 1582; x_wconf 89' lang='lat' dir='ltr'><strong>inducta,</strong></span> <span class='ocrx_word' id='word_1_84' title='bbox 1681 1500 1715 1564; x_wconf 94' lang='lat' dir='ltr'><strong>id</strong></span> <span class='ocrx_word' id='word_1_85' title='bbox 1744 1499 1833 1589; x_wconf 88' lang='lat' dir='ltr'><strong>quod</strong></span> <span class='ocrx_word' id='word_1_86' title='bbox 1857 1498 2028 1587; x_wconf 71' lang='lat' dir='ltr'><strong>Gryuaeus</strong></span> <span class='ocrx_word' id='word_1_87' title='bbox 2053 1522 2120 1562; x_wconf 93' lang='lat' dir='ltr'><strong>non</strong></span> 
     </span>
     <span class='ocr_line' id='line_1_9' title="bbox 504 1601 2121 1696; baseline -0.007 -20"><span class='ocrx_word' id='word_1_88' title='bbox 504 1608 744 1676; x_wconf 86' lang='lat' dir='ltr'><strong>animadvertit.</strong></span> <span class='ocrx_word' id='word_1_89' title='bbox 787 1605 878 1696; x_wconf 72' lang='lat' dir='ltr'><strong>Ergo</strong></span> <span class='ocrx_word' id='word_1_90' title='bbox 915 1607 1153 1672; x_wconf 75' lang='lat' dir='ltr'><strong>Tusciuicanus</strong></span> <span class='ocrx_word' id='word_1_91' title='bbox 1180 1603 1402 1672; x_wconf 86' lang='lat' dir='ltr'><strong>scribendum.</strong></span> <span class='ocrx_word' id='word_1_92' title='bbox 1432 1601 1508 1670; x_wconf 90' lang='grc' dir='ltr'><strong>Βθ.</strong></span> <span class='ocrx_word' id='word_1_93' title='bbox 1533 1605 1576 1668; x_wconf 90' lang='grc' dir='ltr'><strong>Β.</strong></span> <span class='ocrx_word' id='word_1_94' title='bbox 1595 1605 1774 1691; x_wconf 72' lang='lat' dir='ltr'><strong>-agitata</strong></span> <span class='ocrx_word' id='word_1_95' title='bbox 1797 1615 1847 1668; x_wconf 89' lang='lat' dir='ltr'><strong>est</strong></span> <span class='ocrx_word' id='word_1_96' title='bbox 1866 1627 1993 1668; x_wconf 89' lang='lat' dir='ltr'><strong>summa</strong></span> <span class='ocrx_word' id='word_1_97' title='bbox 2015 1601 2121 1668; x_wconf 86' lang='lat' dir='ltr'><strong>consi·</strong></span> 
     </span>
    </p>
   </div>
   <div class='ocr_carea' id='block_1_5' title="bbox 503 1709 2120 1881">
    <p class='ocr_par' dir='ltr' id='par_1_5' title="bbox 503 1709 2120 1881">
     <span class='ocr_line' id='line_1_10' title="bbox 504 1709 2120 1802; baseline -0.002 -22"><span class='ocrx_word' id='word_1_98' title='bbox 504 1714 639 1797; x_wconf 90' lang='lat' dir='ltr'><strong>liornm]</strong></span> <span class='ocrx_word' id='word_1_99' title='bbox 662 1709 744 1776; x_wconf 87' lang='lat' dir='ltr'><strong>Cod.</strong></span> <span class='ocrx_word' id='word_1_100' title='bbox 769 1713 840 1800; x_wconf 76' lang='lat' dir='ltr'><strong>opit</strong></span> <span class='ocrx_word' id='word_1_101' title='bbox 862 1709 928 1775; x_wconf 90' lang='lat' dir='ltr'><strong>alte</strong></span> <span class='ocrx_word' id='word_1_102' title='bbox 957 1720 1034 1774; x_wconf 78' lang='lat' dir='ltr'><strong>sacrat</strong></span> <span class='ocrx_word' id='word_1_103' title='bbox 1055 1730 1183 1774; x_wconf 75' lang='lat' dir='ltr'><strong>scamma</strong></span> <span class='ocrx_word' id='word_1_104' title='bbox 1205 1711 1430 1782; x_wconf 81' lang='lat' dir='ltr'><strong>corasiliornm·</strong></span> <span class='ocrx_word' id='word_1_105' title='bbox 1475 1711 1602 1779; x_wconf 88' lang='lat' dir='ltr'><strong>Locum</strong></span> <span class='ocrx_word' id='word_1_106' title='bbox 1629 1714 1769 1778; x_wconf 85' lang='lat' dir='ltr'><strong>maxime</strong></span> <span class='ocrx_word' id='word_1_107' title='bbox 1795 1712 2007 1802; x_wconf 82' lang='lat' dir='ltr'><strong>depravatum</strong></span> <span class='ocrx_word' id='word_1_108' title='bbox 2039 1711 2120 1799; x_wconf 73' lang='lat' dir='ltr'><strong>Gry·</strong></span> 
     </span>
     <span class='ocr_line' id='line_1_11' title="bbox 503 1807 1096 1881; baseline -0.012 0"><span class='ocrx_word' id='word_1_109' title='bbox 503 1839 607 1881; x_wconf 87' lang='lat' dir='ltr'><strong>naeus</strong></span> <span class='ocrx_word' id='word_1_110' title='bbox 630 1825 717 1879; x_wconf 89' lang='lat' dir='ltr'><strong>recte</strong></span> <span class='ocrx_word' id='word_1_111' title='bbox 739 1811 930 1877; x_wconf 76' lang='lat' dir='ltr'><strong>emendasse</strong></span> <span class='ocrx_word' id='word_1_112' title='bbox 953 1807 1096 1875; x_wconf 82' lang='lat' dir='ltr'><strong>videtur.</strong></span> 
     </span>
    </p>
   </div>
   <div class='ocr_carea' id='block_1_6' title="bbox 504 1941 2121 2676">
    <p class='ocr_par' dir='ltr' id='par_1_6' title="bbox 504 1941 2121 2676">
     <span class='ocr_line' id='line_1_12' title="bbox 591 1941 2119 2037; baseline -0.001 -24"><span class='ocrx_word' id='word_1_113' title='bbox 591 1947 674 2037; x_wconf 86' lang='lat' dir='ltr'><strong>Cap.</strong></span> <span class='ocrx_word' id='word_1_114' title='bbox 701 1945 837 2012; x_wconf 87' lang='lat' dir='ltr'><strong>XVIII.</strong></span> <span class='ocrx_word' id='word_1_115' title='bbox 860 1943 918 2008; x_wconf 88' lang='lat' dir='ltr'><strong>ubi</strong></span> <span class='ocrx_word' id='word_1_116' title='bbox 942 1941 1140 2031; x_wconf 86' lang='lat' dir='ltr'><strong>publicanus</strong></span> <span class='ocrx_word' id='word_1_117' title='bbox 1164 1948 1227 2020; x_wconf 93' lang='lat' dir='ltr'><strong>est]</strong></span> <span class='ocrx_word' id='word_1_118' title='bbox 1250 1941 1470 2032; x_wconf 75' lang='lat' dir='ltr'><strong>Doeringium</strong></span> <span class='ocrx_word' id='word_1_119' title='bbox 1494 1957 1628 2012; x_wconf 91' lang='lat' dir='ltr'><strong>secutus</strong></span> <span class='ocrx_word' id='word_1_120' title='bbox 1651 1958 1701 2012; x_wconf 82' lang='lat' dir='ltr'><strong>eat</strong></span> <span class='ocrx_word' id='word_1_121' title='bbox 1723 1947 1758 2012; x_wconf 86' lang='lat' dir='ltr'><strong>in</strong></span> <span class='ocrx_word' id='word_1_122' title='bbox 1782 1955 1867 2013; x_wconf 81' lang='lat' dir='ltr'><strong>esset</strong></span> <span class='ocrx_word' id='word_1_123' title='bbox 1886 1949 2021 2014; x_wconf 83' lang='lat' dir='ltr'><strong>mutari.</strong></span> <span class='ocrx_word' id='word_1_124' title='bbox 2044 1945 2119 2014; x_wconf 89' lang='grc' dir='ltr'><strong>Βθ.</strong></span> 
     </span>
     <span class='ocr_line' id='line_1_13' title="bbox 504 2046 2121 2145; baseline -0.002 -25"><span class='ocrx_word' id='word_1_125' title='bbox 504 2056 549 2125; x_wconf 83' lang='grc' dir='ltr'><strong>Β.</strong></span> <span class='ocrx_word' id='word_1_126' title='bbox 594 2052 652 2120; x_wconf 88' lang='lat' dir='ltr'><strong>Sic</strong></span> <span class='ocrx_word' id='word_1_127' title='bbox 673 2049 785 2139; x_wconf 89' lang='lat' dir='ltr'><strong>paullo</strong></span> <span class='ocrx_word' id='word_1_128' title='bbox 803 2059 899 2136; x_wconf 73' lang='lat' dir='ltr'><strong>poste</strong></span> <span class='ocrx_word' id='word_1_129' title='bbox 920 2047 978 2114; x_wconf 88' lang='lat' dir='ltr'><strong>nbi</strong></span> <span class='ocrx_word' id='word_1_130' title='bbox 999 2049 1034 2112; x_wconf 88' lang='lat' dir='ltr'><strong>in</strong></span> <span class='ocrx_word' id='word_1_131' title='bbox 1056 2046 1163 2112; x_wconf 84' lang='lat' dir='ltr'><strong>medio</strong></span> <span class='ocrx_word' id='word_1_132' title='bbox 1184 2046 1315 2133; x_wconf 85' lang='lat' dir='ltr'><strong>praeda</strong></span> <span class='ocrx_word' id='word_1_133' title='bbox 1338 2047 1651 2114; x_wconf 71' lang='lat' dir='ltr'><strong>administrantibus</strong></span> <span class='ocrx_word' id='word_1_134' title='bbox 1673 2059 1771 2132; x_wconf 83' lang='lat' dir='ltr'><strong>esset,</strong></span> <span class='ocrx_word' id='word_1_135' title='bbox 1789 2049 1837 2113; x_wconf 89' lang='lat' dir='ltr'><strong>ibi</strong></span> <span class='ocrx_word' id='word_1_136' title='bbox 1857 2073 2121 2145; x_wconf 78' lang='lat' dir='ltr'><strong>nnnpnamcau·</strong></span> 
     </span>
     <span class='ocr_line' id='line_1_14' title="bbox 504 2145 2119 2242; baseline -0.003 -17"><span class='ocrx_word' id='word_1_137' title='bbox 504 2181 562 2225; x_wconf 83' lang='lat' dir='ltr'><strong>raa</strong></span> <span class='ocrx_word' id='word_1_138' title='bbox 587 2157 786 2224; x_wconf 75' lang='lat' dir='ltr'><strong>seditionum</strong></span> <span class='ocrx_word' id='word_1_139' title='bbox 813 2162 848 2220; x_wconf 87' lang='lat' dir='ltr'><strong>et</strong></span> <span class='ocrx_word' id='word_1_140' title='bbox 872 2153 1063 2217; x_wconf 85' lang='lat' dir='ltr'><strong>certaminis</strong></span> <span class='ocrx_word' id='word_1_141' title='bbox 1094 2148 1220 2237; x_wconf 72' lang='lat' dir='ltr'><strong>defore.</strong></span> <span class='ocrx_word' id='word_1_142' title='bbox 1273 2145 1458 2231; x_wconf 81' lang='lat' dir='ltr'><strong>Librarius,</strong></span> <span class='ocrx_word' id='word_1_143' title='bbox 1482 2150 1539 2238; x_wconf 88' lang='lat' dir='ltr'><strong>qui</strong></span> <span class='ocrx_word' id='word_1_144' title='bbox 1562 2151 1695 2238; x_wconf 88' lang='lat' dir='ltr'><strong>saepius</strong></span> <span class='ocrx_word' id='word_1_145' title='bbox 1728 2163 1778 2220; x_wconf 80' lang='lat' dir='ltr'><strong>est</strong></span> <span class='ocrx_word' id='word_1_146' title='bbox 1800 2177 1861 2242; x_wconf 89' lang='lat' dir='ltr'><strong>pro</strong></span> <span class='ocrx_word' id='word_1_147' title='bbox 1886 2164 1973 2220; x_wconf 81' lang='lat' dir='ltr'><strong>essct</strong></span> <span class='ocrx_word' id='word_1_148' title='bbox 1993 2153 2119 2242; x_wconf 83' lang='lat' dir='ltr'><strong><em>posuit,</em></strong></span> 
     </span>
     <span class='ocr_line' id='line_1_15' title="bbox 504 2248 2120 2347; baseline -0.004 -19"><span class='ocrx_word' id='word_1_149' title='bbox 504 2261 593 2328; x_wconf 81' lang='lat' dir='ltr'><strong>bunc</strong></span> <span class='ocrx_word' id='word_1_150' title='bbox 616 2260 723 2347; x_wconf 89' lang='lat' dir='ltr'><strong>ipsum</strong></span> <span class='ocrx_word' id='word_1_151' title='bbox 745 2279 887 2322; x_wconf 90' lang='lat' dir='ltr'><strong>errorem</strong></span> <span class='ocrx_word' id='word_1_152' title='bbox 908 2252 1005 2336; x_wconf 87' lang='lat' dir='ltr'><strong>XLI,</strong></span> <span class='ocrx_word' id='word_1_153' title='bbox 1031 2251 1081 2318; x_wconf 85' lang='grc'><strong>16.</strong></span> <span class='ocrx_word' id='word_1_154' title='bbox 1108 2252 1151 2318; x_wconf 90' lang='lat' dir='ltr'><strong>ita</strong></span> <span class='ocrx_word' id='word_1_155' title='bbox 1174 2248 1329 2333; x_wconf 79' lang='lat' dir='ltr'><strong>correxit,</strong></span> <span class='ocrx_word' id='word_1_156' title='bbox 1346 2259 1383 2313; x_wconf 89' lang='lat' dir='ltr'><strong>ut</strong></span> <span class='ocrx_word' id='word_1_157' title='bbox 1405 2261 1504 2316; x_wconf 80' lang='lat' dir='ltr'><strong>estset</strong></span> <span class='ocrx_word' id='word_1_158' title='bbox 1523 2252 1694 2338; x_wconf 82' lang='lat' dir='ltr'><strong>scriberet,</strong></span> <span class='ocrx_word' id='word_1_159' title='bbox 1716 2255 1829 2343; x_wconf 88' lang='lat' dir='ltr'><strong>priore</strong></span> <span class='ocrx_word' id='word_1_160' title='bbox 1850 2266 1864 2321; x_wconf 95' lang='lat' dir='ltr'><strong>t</strong></span> <span class='ocrx_word' id='word_1_161' title='bbox 1882 2256 1976 2320; x_wconf 90' lang='lat' dir='ltr'><strong>litera</strong></span> <span class='ocrx_word' id='word_1_162' title='bbox 1996 2268 2120 2344; x_wconf 89' lang='lat' dir='ltr'><strong>puncto</strong></span> 
     </span>
     <span class='ocr_line' id='line_1_16' title="bbox 506 2351 2119 2454; baseline -0.006 -22"><span class='ocrx_word' id='word_1_163' title='bbox 506 2362 766 2454; x_wconf 83' lang='lat' dir='ltr'><strong>superimposito</strong></span> <span class='ocrx_word' id='word_1_164' title='bbox 795 2354 941 2425; x_wconf 85' lang='lat' dir='ltr'><strong>inducta.</strong></span> <span class='ocrx_word' id='word_1_165' title='bbox 968 2395 1012 2410; x_wconf 91' lang='lat'><strong>--</strong></span> <span class='ocrx_word' id='word_1_166' title='bbox 1041 2381 1059 2421; x_wconf 87' lang='lat' dir='ltr'><strong>a</strong></span> <span class='ocrx_word' id='word_1_167' title='bbox 1087 2355 1219 2436; x_wconf 84' lang='lat' dir='ltr'><strong>acuatu]</strong></span> <span class='ocrx_word' id='word_1_168' title='bbox 1252 2351 1334 2418; x_wconf 85' lang='lat' dir='ltr'><strong>cod.</strong></span> <span class='ocrx_word' id='word_1_169' title='bbox 1362 2355 1408 2420; x_wconf 79' lang='lat' dir='ltr'><strong>aa</strong></span> <span class='ocrx_word' id='word_1_170' title='bbox 1428 2366 1578 2440; x_wconf 80' lang='lat' dir='ltr'><strong>serrator,</strong></span> <span class='ocrx_word' id='word_1_171' title='bbox 1600 2357 1692 2446; x_wconf 80' lang='lat' dir='ltr'><strong>quod</strong></span> <span class='ocrx_word' id='word_1_172' title='bbox 1719 2357 1754 2422; x_wconf 89' lang='lat' dir='ltr'><strong>in</strong></span> <span class='ocrx_word' id='word_1_173' title='bbox 1778 2357 1818 2424; x_wconf 88' lang='lat' dir='ltr'><strong>ab</strong></span> <span class='ocrx_word' id='word_1_174' title='bbox 1841 2369 1962 2426; x_wconf 82' lang='lat' dir='ltr'><strong>senatu</strong></span> <span class='ocrx_word' id='word_1_175' title='bbox 1985 2357 2119 2426; x_wconf 84' lang='lat' dir='ltr'><strong>mutavi.</strong></span> 
     </span>
     <span class='ocr_line' id='line_1_17' title="bbox 505 2457 2120 2552; baseline -0.004 -15"><span class='ocrx_word' id='word_1_176' title='bbox 505 2467 582 2536; x_wconf 87' lang='grc' dir='ltr'><strong>Βθ.</strong></span> <span class='ocrx_word' id='word_1_177' title='bbox 604 2470 648 2534; x_wconf 94' lang='grc' dir='ltr'><strong>Β.</strong></span> <span class='ocrx_word' id='word_1_178' title='bbox 673 2503 713 2517; x_wconf 92' lang='grc'>-</span> <span class='ocrx_word' id='word_1_179' title='bbox 737 2459 982 2547; x_wconf 85' lang='lat' dir='ltr'><strong>moderatione]</strong></span> <span class='ocrx_word' id='word_1_180' title='bbox 1009 2461 1092 2526; x_wconf 83' lang='lat' dir='ltr'><strong>Cod.</strong></span> <span class='ocrx_word' id='word_1_181' title='bbox 1117 2471 1216 2547; x_wconf 85' lang='lat' dir='ltr'><strong>atque</strong></span> <span class='ocrx_word' id='word_1_182' title='bbox 1236 2458 1262 2524; x_wconf 87' lang='lat' dir='ltr'>F</span> <span class='ocrx_word' id='word_1_183' title='bbox 1266 2458 1337 2523; x_wconf 90' lang='lat' dir='ltr'><strong>rob.</strong></span> <span class='ocrx_word' id='word_1_184' title='bbox 1362 2457 1392 2522; x_wconf 92' lang='lat' dir='ltr'><strong>I.</strong></span> <span class='ocrx_word' id='word_1_185' title='bbox 1417 2469 1449 2523; x_wconf 90' lang='lat' dir='ltr'><strong>et</strong></span> <span class='ocrx_word' id='word_1_186' title='bbox 1468 2459 1500 2525; x_wconf 79' lang='lat'><strong>2.</strong></span> <span class='ocrx_word' id='word_1_187' title='bbox 1526 2461 1756 2528; x_wconf 85' lang='lat' dir='ltr'><strong>moderationi.</strong></span> <span class='ocrx_word' id='word_1_188' title='bbox 1804 2463 1874 2547; x_wconf 84' lang='lat' dir='ltr'><strong>Qui</strong></span> <span class='ocrx_word' id='word_1_189' title='bbox 1895 2464 2021 2552; x_wconf 87' lang='lat' dir='ltr'><strong>primus</strong></span> <span class='ocrx_word' id='word_1_190' title='bbox 2044 2463 2120 2530; x_wconf 82' lang='lat' dir='ltr'><strong>liuic</strong></span> 
     </span>
     <span class='ocr_line' id='line_1_18' title="bbox 506 2563 1546 2676; baseline -0.013 -36"><span class='ocrx_word' id='word_1_191' title='bbox 506 2564 592 2640; x_wconf 92' lang='lat' dir='ltr'><strong>illud</strong></span> <span class='ocrx_word' id='word_1_192' title='bbox 614 2581 701 2640; x_wconf 86' lang='lat' dir='ltr'><strong>reete</strong></span> <span class='ocrx_word' id='word_1_193' title='bbox 723 2569 944 2652; x_wconf 80' lang='lat' dir='ltr'><strong>substituerit,</strong></span> <span class='ocrx_word' id='word_1_194' title='bbox 968 2565 1259 2676; x_wconf 70' lang='lat' dir='ltr'><strong>Drakenborcliius</strong></span> <span class='ocrx_word' id='word_1_195' title='bbox 1279 2587 1345 2630; x_wconf 88' lang='lat' dir='ltr'><strong>non</strong></span> <span class='ocrx_word' id='word_1_196' title='bbox 1366 2563 1546 2635; x_wconf 81' lang='lat' dir='ltr'><strong>annotarit.</strong></span> 
     </span>
    </p>
   </div>
   <div class='ocr_carea' id='block_1_7' title="bbox 505 2717 2225 4890">
    <p class='ocr_par' dir='ltr' id='par_1_7' title="bbox 505 2717 2225 4890">
     <span class='ocr_line' id='line_1_19' title="bbox 593 2717 2121 2812; baseline 0 -24"><span class='ocrx_word' id='word_1_197' title='bbox 593 2721 676 2812; x_wconf 87' lang='lat' dir='ltr'><strong>Cap.</strong></span> <span class='ocrx_word' id='word_1_198' title='bbox 697 2719 798 2786; x_wconf 88' lang='lat' dir='ltr'><strong>XIX.</strong></span> <span class='ocrx_word' id='word_1_199' title='bbox 822 2721 862 2785; x_wconf 90' lang='lat' dir='ltr'><strong>ab</strong></span> <span class='ocrx_word' id='word_1_200' title='bbox 885 2721 952 2805; x_wconf 80' lang='lat' dir='ltr'><strong>liis]</strong></span> <span class='ocrx_word' id='word_1_201' title='bbox 975 2717 1090 2786; x_wconf 86' lang='lat' dir='ltr'><strong>Malim</strong></span> <span class='ocrx_word' id='word_1_202' title='bbox 1114 2717 1155 2782; x_wconf 91' lang='lat' dir='ltr'><strong>ab</strong></span> <span class='ocrx_word' id='word_1_203' title='bbox 1179 2719 1232 2782; x_wconf 82' lang='lat' dir='ltr'><strong>iia.</strong></span> <span class='ocrx_word' id='word_1_204' title='bbox 1258 2749 1297 2766; x_wconf 86' lang='grc'>-</span> <span class='ocrx_word' id='word_1_205' title='bbox 1321 2720 1521 2786; x_wconf 83' lang='lat' dir='ltr'><strong>conveniens</strong></span> <span class='ocrx_word' id='word_1_206' title='bbox 1544 2718 1578 2782; x_wconf 91' lang='lat' dir='ltr'><strong>iu</strong></span> <span class='ocrx_word' id='word_1_207' title='bbox 1608 2742 1644 2782; x_wconf 88' lang='lat' dir='ltr'><strong>ca</strong></span> <span class='ocrx_word' id='word_1_208' title='bbox 1668 2719 1819 2804; x_wconf 82' lang='lat' dir='ltr'><strong>victorin]</strong></span> <span class='ocrx_word' id='word_1_209' title='bbox 1853 2719 1890 2785; x_wconf 89' lang='lat' dir='ltr'><strong>In</strong></span> <span class='ocrx_word' id='word_1_210' title='bbox 1919 2719 2034 2788; x_wconf 89' lang='lat' dir='ltr'><strong>codice</strong></span> <span class='ocrx_word' id='word_1_211' title='bbox 2064 2745 2121 2788; x_wconf 85' lang='lat' dir='ltr'><strong>cas</strong></span> 
     </span>
     <span class='ocr_line' id='line_1_20' title="bbox 508 2815 2123 2918; baseline -0.001 -24"><span class='ocrx_word' id='word_1_212' title='bbox 508 2815 658 2918; x_wconf 85' lang='lat' dir='ltr'><strong>reperiri,</strong></span> <span class='ocrx_word' id='word_1_213' title='bbox 680 2825 873 2914; x_wconf 83' lang='lat' dir='ltr'><strong>IIopitnrius</strong></span> <span class='ocrx_word' id='word_1_214' title='bbox 896 2824 931 2887; x_wconf 92' lang='lat' dir='ltr'><strong>in</strong></span> <span class='ocrx_word' id='word_1_215' title='bbox 954 2821 1077 2887; x_wconf 86' lang='lat' dir='ltr'><strong>codicis</strong></span> <span class='ocrx_word' id='word_1_216' title='bbox 1101 2818 1276 2886; x_wconf 89' lang='lat' dir='ltr'><strong>collatione</strong></span> <span class='ocrx_word' id='word_1_217' title='bbox 1298 2831 1454 2885; x_wconf 87' lang='lat' dir='ltr'><strong>annotare</strong></span> <span class='ocrx_word' id='word_1_218' title='bbox 1470 2822 1671 2908; x_wconf 75' lang='lat' dir='ltr'><strong>neglexerat.</strong></span> <span class='ocrx_word' id='word_1_219' title='bbox 1692 2858 1735 2876; x_wconf 86' lang='lat'><em>-</em></span> <span class='ocrx_word' id='word_1_220' title='bbox 1754 2823 1987 2915; x_wconf 81' lang='lat' dir='ltr'><strong>Advertaeque</strong></span> <span class='ocrx_word' id='word_1_221' title='bbox 2002 2825 2123 2914; x_wconf 67' lang='lat' dir='ltr'><strong>gladiis</strong></span> 
     </span>
     <span class='ocr_line' id='line_1_21' title="bbox 506 2913 2121 3019; baseline 0 -23"><span class='ocrx_word' id='word_1_222' title='bbox 506 2955 643 3019; x_wconf 73' lang='lat' dir='ltr'><strong>regnum</strong></span> <span class='ocrx_word' id='word_1_223' title='bbox 664 2930 697 2995; x_wconf 97' lang='lat' dir='ltr'><strong>in</strong></span> <span class='ocrx_word' id='word_1_224' title='bbox 721 2929 857 2994; x_wconf 88' lang='lat' dir='ltr'><strong>dubium</strong></span> <span class='ocrx_word' id='word_1_225' title='bbox 877 2926 1054 2992; x_wconf 92' lang='lat' dir='ltr'><strong>adductum</strong></span> <span class='ocrx_word' id='word_1_226' title='bbox 1077 2925 1166 3012; x_wconf 88' lang='lat' dir='ltr'><strong>esse]</strong></span> <span class='ocrx_word' id='word_1_227' title='bbox 1188 2923 1272 2990; x_wconf 81' lang='lat' dir='ltr'><strong>cod.</strong></span> <span class='ocrx_word' id='word_1_228' title='bbox 1298 2913 1526 3018; x_wconf 78' lang='lat' dir='ltr'><strong>aduertaepne</strong></span> <span class='ocrx_word' id='word_1_229' title='bbox 1539 2925 1662 3012; x_wconf 74' lang='lat' dir='ltr'><strong>pladiis</strong></span> <span class='ocrx_word' id='word_1_230' title='bbox 1679 2950 1766 3019; x_wconf 78' lang='lat' dir='ltr'><strong>patae</strong></span> <span class='ocrx_word' id='word_1_231' title='bbox 1781 2933 1969 3018; x_wconf 74' lang='lat' dir='ltr'><strong>repnannin</strong></span> <span class='ocrx_word' id='word_1_232' title='bbox 1984 2929 2121 2996; x_wconf 83' lang='lat' dir='ltr'><strong>dubium</strong></span> 
     </span>
     <span class='ocr_line' id='line_1_22' title="bbox 507 3025 2120 3120; baseline -0.001 -20"><span class='ocrx_word' id='word_1_233' title='bbox 507 3035 688 3100; x_wconf 84' lang='lat' dir='ltr'><strong>adductum</strong></span> <span class='ocrx_word' id='word_1_234' title='bbox 710 3043 807 3102; x_wconf 83' lang='lat' dir='ltr'><strong>esset.</strong></span> <span class='ocrx_word' id='word_1_235' title='bbox 852 3031 1045 3117; x_wconf 83' lang='lat' dir='ltr'><strong>Walclaius,</strong></span> <span class='ocrx_word' id='word_1_236' title='bbox 1068 3055 1170 3120; x_wconf 89' lang='lat' dir='ltr'><strong>quum</strong></span> <span class='ocrx_word' id='word_1_237' title='bbox 1193 3031 1257 3095; x_wconf 87' lang='lat' dir='ltr'><strong>iam</strong></span> <span class='ocrx_word' id='word_1_238' title='bbox 1282 3025 1569 3093; x_wconf 78' lang='lat' dir='ltr'><strong>Drakenborchius</strong></span> <span class='ocrx_word' id='word_1_239' title='bbox 1592 3029 1715 3118; x_wconf 80' lang='lat' dir='ltr'><strong>pladiis</strong></span> <span class='ocrx_word' id='word_1_240' title='bbox 1743 3029 1777 3094; x_wconf 93' lang='lat' dir='ltr'><strong>in</strong></span> <span class='ocrx_word' id='word_1_241' title='bbox 1801 3031 1905 3106; x_wconf 73' lang='lat' dir='ltr'><strong>eladis</strong></span> <span class='ocrx_word' id='word_1_242' title='bbox 1929 3035 2120 3100; x_wconf 86' lang='lat' dir='ltr'><strong>mutandum</strong></span> 
     </span>
     <span class='ocr_line' id='line_1_23' title="bbox 506 3129 2122 3228; baseline 0 -27"><span class='ocrx_word' id='word_1_243' title='bbox 506 3157 581 3202; x_wconf 85' lang='lat' dir='ltr'><strong>esse</strong></span> <span class='ocrx_word' id='word_1_244' title='bbox 601 3133 841 3223; x_wconf 83' lang='lat' dir='ltr'><strong>perspexisset,</strong></span> <span class='ocrx_word' id='word_1_245' title='bbox 863 3131 1050 3198; x_wconf 83' lang='lat' dir='ltr'><strong>Emendatt.</strong></span> <span class='ocrx_word' id='word_1_246' title='bbox 1075 3131 1148 3198; x_wconf 81' lang='lat' dir='ltr'><strong>Lir.</strong></span> <span class='ocrx_word' id='word_1_247' title='bbox 1172 3154 1206 3220; x_wconf 92' lang='lat' dir='ltr'><strong>p.</strong></span> <span class='ocrx_word' id='word_1_248' title='bbox 1231 3129 1306 3196; x_wconf 84' lang='lat'><strong>268.</strong></span> <span class='ocrx_word' id='word_1_249' title='bbox 1330 3132 1540 3227; x_wconf 82' lang='lat' dir='ltr'><strong>querimonia</strong></span> <span class='ocrx_word' id='word_1_250' title='bbox 1564 3129 1692 3196; x_wconf 83' lang='lat' dir='ltr'><strong><em>Gallici</em></strong></span> <span class='ocrx_word' id='word_1_251' title='bbox 1713 3133 1873 3200; x_wconf 80' lang='lat' dir='ltr'><strong>tumultus</strong></span> <span class='ocrx_word' id='word_1_252' title='bbox 1896 3146 2122 3228; x_wconf 79' lang='lat' dir='ltr'><strong>acceptaeque</strong></span> 
     </span>
     <span class='ocr_line' id='line_1_24' title="bbox 508 3231 2122 3328; baseline -0.004 -22"><span class='ocrx_word' id='word_1_253' title='bbox 508 3239 632 3306; x_wconf 80' lang='lat' dir='ltr'><strong>cladisr</strong></span> <span class='ocrx_word' id='word_1_254' title='bbox 656 3261 861 3328; x_wconf 76' lang='lat' dir='ltr'><strong>„repnnm</strong></span> <span class='ocrx_word' id='word_1_255' title='bbox 887 3238 930 3302; x_wconf 89' lang='lat' dir='ltr'><strong>in</strong></span> <span class='ocrx_word' id='word_1_256' title='bbox 954 3238 1122 3304; x_wconf 85' lang='lat' dir='ltr'><strong>dubium</strong></span> <span class='ocrx_word' id='word_1_257' title='bbox 1142 3237 1365 3302; x_wconf 80' lang='lat' dir='ltr'><strong>adductum</strong></span> <span class='ocrx_word' id='word_1_258' title='bbox 1396 3233 1533 3314; x_wconf 83' lang='lat' dir='ltr'><strong>esse,“</strong></span> <span class='ocrx_word' id='word_1_259' title='bbox 1564 3231 1775 3297; x_wconf 86' lang='lat' dir='ltr'><strong>scribendum</strong></span> <span class='ocrx_word' id='word_1_260' title='bbox 1804 3245 1836 3298; x_wconf 90' lang='lat' dir='ltr'><strong>et</strong></span> <span class='ocrx_word' id='word_1_261' title='bbox 1863 3258 1882 3298; x_wconf 90' lang='lat' dir='ltr'><strong>e</strong></span> <span class='ocrx_word' id='word_1_262' title='bbox 1911 3237 2122 3328; x_wconf 80' lang='lat' dir='ltr'><strong>querimonia</strong></span> 
     </span>
     <span class='ocr_line' id='line_1_25' title="bbox 506 3333 2122 3423; baseline -0.005 -12"><span class='ocrx_word' id='word_1_263' title='bbox 506 3344 642 3411; x_wconf 79' lang='lat' dir='ltr'><strong>verbum</strong></span> <span class='ocrx_word' id='word_1_264' title='bbox 667 3343 800 3410; x_wconf 84' lang='lat' dir='ltr'><strong>dicebat</strong></span> <span class='ocrx_word' id='word_1_265' title='bbox 820 3341 1053 3408; x_wconf 88' lang='lat' dir='ltr'><strong>assumendum</strong></span> <span class='ocrx_word' id='word_1_266' title='bbox 1076 3340 1217 3408; x_wconf 88' lang='lat' dir='ltr'><strong>censuit.</strong></span> <span class='ocrx_word' id='word_1_267' title='bbox 1261 3337 1347 3404; x_wconf 80' lang='lat' dir='ltr'><strong>Nam</strong></span> <span class='ocrx_word' id='word_1_268' title='bbox 1367 3334 1574 3416; x_wconf 83' lang='lat' dir='ltr'><strong>Welcliium,</strong></span> <span class='ocrx_word' id='word_1_269' title='bbox 1607 3333 1641 3399; x_wconf 95' lang='lat' dir='ltr'><strong>id</strong></span> <span class='ocrx_word' id='word_1_270' title='bbox 1670 3334 1760 3423; x_wconf 85' lang='lat' dir='ltr'><strong>quod</strong></span> <span class='ocrx_word' id='word_1_271' title='bbox 1789 3334 1969 3403; x_wconf 84' lang='lat' dir='ltr'><strong>Biittnerus</strong></span> <span class='ocrx_word' id='word_1_272' title='bbox 2000 3336 2122 3404; x_wconf 86' lang='lat' dir='ltr'><strong>Obser-</strong></span> 
     </span>
     <span class='ocr_line' id='line_1_26' title="bbox 507 3437 2123 3534; baseline -0.001 -23"><span class='ocrx_word' id='word_1_273' title='bbox 507 3455 589 3511; x_wconf 87' lang='lat' dir='ltr'><strong>vatt.</strong></span> <span class='ocrx_word' id='word_1_274' title='bbox 613 3445 688 3512; x_wconf 85' lang='lat' dir='ltr'><strong>Liv.</strong></span> <span class='ocrx_word' id='word_1_275' title='bbox 712 3469 747 3534; x_wconf 87' lang='lat' dir='ltr'><strong>p.</strong></span> <span class='ocrx_word' id='word_1_276' title='bbox 773 3445 845 3512; x_wconf 79' lang='lat' dir='ltr'><strong>tlt.</strong></span> <span class='ocrx_word' id='word_1_277' title='bbox 869 3443 1094 3534; x_wconf 82' lang='lat' dir='ltr'><strong>reprehendit,</strong></span> <span class='ocrx_word' id='word_1_278' title='bbox 1117 3443 1215 3511; x_wconf 83' lang='lat' dir='ltr'><strong>verba</strong></span> <span class='ocrx_word' id='word_1_279' title='bbox 1236 3465 1334 3509; x_wconf 85' lang='lat' dir='ltr'><strong>sunm</strong></span> <span class='ocrx_word' id='word_1_280' title='bbox 1355 3464 1461 3529; x_wconf 85' lang='lat' dir='ltr'><strong>prope</strong></span> <span class='ocrx_word' id='word_1_281' title='bbox 1483 3463 1524 3503; x_wconf 85' lang='lat' dir='ltr'><strong>ex</strong></span> <span class='ocrx_word' id='word_1_282' title='bbox 1546 3437 1607 3503; x_wconf 85' lang='lat' dir='ltr'><strong>viri</strong></span> <span class='ocrx_word' id='word_1_283' title='bbox 1631 3437 1719 3504; x_wconf 91' lang='lat' dir='ltr'><strong>docti</strong></span> <span class='ocrx_word' id='word_1_284' title='bbox 1750 3439 1864 3506; x_wconf 87' lang='lat' dir='ltr'><strong>neseio</strong></span> <span class='ocrx_word' id='word_1_285' title='bbox 1892 3441 2001 3525; x_wconf 88' lang='lat' dir='ltr'><strong>ouius,</strong></span> <span class='ocrx_word' id='word_1_286' title='bbox 2024 3467 2123 3532; x_wconf 86' lang='lat' dir='ltr'><strong>quam</strong></span> 
     </span>
     <span class='ocr_line' id='line_1_27' title="bbox 507 3541 2122 3638; baseline -0.004 -21"><span class='ocrx_word' id='word_1_287' title='bbox 507 3553 614 3634; x_wconf 81' lang='lat' dir='ltr'><strong>alren,</strong></span> <span class='ocrx_word' id='word_1_288' title='bbox 644 3549 889 3618; x_wconf 70' lang='lat' dir='ltr'><strong>emendationes</strong></span> <span class='ocrx_word' id='word_1_289' title='bbox 919 3549 1072 3616; x_wconf 81' lang='lat' dir='ltr'><strong>adversis</strong></span> <span class='ocrx_word' id='word_1_290' title='bbox 1100 3549 1250 3616; x_wconf 82' lang='lat' dir='ltr'><strong>cladibus</strong></span> <span class='ocrx_word' id='word_1_291' title='bbox 1279 3569 1420 3638; x_wconf 75' lang='lat' dir='ltr'><strong>repnnm</strong></span> <span class='ocrx_word' id='word_1_292' title='bbox 1446 3567 1545 3610; x_wconf 79' lang='lat' dir='ltr'><strong>annm</strong></span> <span class='ocrx_word' id='word_1_293' title='bbox 1571 3565 1677 3632; x_wconf 84' lang='lat' dir='ltr'><strong>prope</strong></span> <span class='ocrx_word' id='word_1_294' title='bbox 1705 3545 1742 3610; x_wconf 85' lang='lat' dir='ltr'><strong>in</strong></span> <span class='ocrx_word' id='word_1_295' title='bbox 1771 3541 1910 3609; x_wconf 86' lang='lat' dir='ltr'><strong>dubium</strong></span> <span class='ocrx_word' id='word_1_296' title='bbox 1940 3544 2122 3612; x_wconf 77' lang='lat' dir='ltr'><strong>adductam</strong></span> 
     </span>
     <span class='ocr_line' id='line_1_28' title="bbox 507 3643 2120 3737; baseline -0.004 -16"><span class='ocrx_word' id='word_1_297' title='bbox 507 3677 592 3737; x_wconf 78' lang='lat' dir='ltr'><strong>ease,</strong></span> <span class='ocrx_word' id='word_1_298' title='bbox 619 3677 699 3720; x_wconf 87' lang='lat' dir='ltr'><strong>suae</strong></span> <span class='ocrx_word' id='word_1_299' title='bbox 729 3665 850 3720; x_wconf 88' lang='lat' dir='ltr'><strong>temere</strong></span> <span class='ocrx_word' id='word_1_300' title='bbox 878 3651 1071 3734; x_wconf 89' lang='lat' dir='ltr'><strong>inseruisse,</strong></span> <span class='ocrx_word' id='word_1_301' title='bbox 1101 3649 1198 3714; x_wconf 80' lang='lat' dir='ltr'><strong>facile</strong></span> <span class='ocrx_word' id='word_1_302' title='bbox 1229 3647 1437 3736; x_wconf 78' lang='lat' dir='ltr'><strong>intelligitur.</strong></span> <span class='ocrx_word' id='word_1_303' title='bbox 1493 3643 1624 3713; x_wconf 83' lang='lat' dir='ltr'><strong>Certior</strong></span> <span class='ocrx_word' id='word_1_304' title='bbox 1649 3658 1758 3712; x_wconf 89' lang='lat' dir='ltr'><strong>autem</strong></span> <span class='ocrx_word' id='word_1_305' title='bbox 1788 3647 1906 3732; x_wconf 85' lang='lat' dir='ltr'><strong>Iactus,</strong></span> <span class='ocrx_word' id='word_1_306' title='bbox 1938 3649 1972 3714; x_wconf 90' lang='lat' dir='ltr'><strong>in</strong></span> <span class='ocrx_word' id='word_1_307' title='bbox 2006 3650 2120 3717; x_wconf 91' lang='lat' dir='ltr'><strong>codice</strong></span> 
     </span>
     <span class='ocr_line' id='line_1_29' title="bbox 505 3749 2121 3855; baseline -0.002 -31"><span class='ocrx_word' id='word_1_308' title='bbox 505 3782 596 3855; x_wconf 82' lang='lat' dir='ltr'><strong>qnae</strong></span> <span class='ocrx_word' id='word_1_309' title='bbox 626 3782 766 3846; x_wconf 81' lang='lat' dir='ltr'><strong>repnnm</strong></span> <span class='ocrx_word' id='word_1_310' title='bbox 792 3767 824 3822; x_wconf 90' lang='lat' dir='ltr'><strong>et</strong></span> <span class='ocrx_word' id='word_1_311' title='bbox 853 3766 940 3822; x_wconf 80' lang='lat' dir='ltr'><strong>esset</strong></span> <span class='ocrx_word' id='word_1_312' title='bbox 968 3775 1028 3841; x_wconf 89' lang='lat' dir='ltr'><strong>pro</strong></span> <span class='ocrx_word' id='word_1_313' title='bbox 1055 3777 1126 3820; x_wconf 82' lang='lat' dir='ltr'><strong>esse</strong></span> <span class='ocrx_word' id='word_1_314' title='bbox 1153 3751 1305 3842; x_wconf 89' lang='lat' dir='ltr'><strong>reperiri,</strong></span> <span class='ocrx_word' id='word_1_315' title='bbox 1337 3752 1400 3817; x_wconf 91' lang='lat' dir='ltr'><strong>iam</strong></span> <span class='ocrx_word' id='word_1_316' title='bbox 1429 3751 1462 3816; x_wconf 93' lang='lat' dir='ltr'><strong>in</strong></span> <span class='ocrx_word' id='word_1_317' title='bbox 1486 3749 1596 3840; x_wconf 85' lang='lat' dir='ltr'><strong>Epist.</strong></span> <span class='ocrx_word' id='word_1_318' title='bbox 1627 3749 1669 3814; x_wconf 92' lang='lat' dir='ltr'><strong>ad</strong></span> <span class='ocrx_word' id='word_1_319' title='bbox 1697 3749 1844 3818; x_wconf 85' lang='lat' dir='ltr'><strong>Goeller.</strong></span> <span class='ocrx_word' id='word_1_320' title='bbox 1868 3776 1904 3842; x_wconf 89' lang='lat' dir='ltr'><strong>p.</strong></span> <span class='ocrx_word' id='word_1_321' title='bbox 1927 3751 2000 3818; x_wconf 75' lang='lat'><strong>455.</strong></span> <span class='ocrx_word' id='word_1_322' title='bbox 2022 3755 2121 3822; x_wconf 76' lang='lat' dir='ltr'><strong>liuius</strong></span> 
     </span>
     <span class='ocr_line' id='line_1_30' title="bbox 505 3853 2124 3953; baseline 0.001 -28"><span class='ocrx_word' id='word_1_323' title='bbox 505 3859 575 3926; x_wconf 92' lang='lat' dir='ltr'><strong>loci</strong></span> <span class='ocrx_word' id='word_1_324' title='bbox 595 3857 856 3924; x_wconf 78' lang='lat' dir='ltr'><strong>emendationem</strong></span> <span class='ocrx_word' id='word_1_325' title='bbox 878 3880 897 3921; x_wconf 90' lang='lat' dir='ltr'><strong>a</strong></span> <span class='ocrx_word' id='word_1_326' title='bbox 918 3854 1189 3922; x_wconf 82' lang='lat' dir='ltr'><strong>Drakenborcbia</strong></span> <span class='ocrx_word' id='word_1_327' title='bbox 1211 3864 1245 3919; x_wconf 91' lang='lat' dir='ltr'><strong>et</strong></span> <span class='ocrx_word' id='word_1_328' title='bbox 1265 3853 1424 3923; x_wconf 83' lang='lat' dir='ltr'><strong>Waleliio</strong></span> <span class='ocrx_word' id='word_1_329' title='bbox 1447 3853 1632 3923; x_wconf 74' lang='lat' dir='ltr'><strong>inchoatam</strong></span> <span class='ocrx_word' id='word_1_330' title='bbox 1655 3855 1699 3922; x_wconf 87' lang='lat' dir='ltr'><strong>ita</strong></span> <span class='ocrx_word' id='word_1_331' title='bbox 1727 3855 1868 3940; x_wconf 79' lang='lat' dir='ltr'><strong>absolvi,</strong></span> <span class='ocrx_word' id='word_1_332' title='bbox 1893 3869 1929 3924; x_wconf 90' lang='lat' dir='ltr'><strong>ut</strong></span> <span class='ocrx_word' id='word_1_333' title='bbox 1960 3865 2124 3953; x_wconf 84' lang='lat' dir='ltr'><strong>qucrimo-</strong></span> 
     </span>
     <span class='ocr_line' id='line_1_31' title="bbox 506 3959 2122 4053; baseline 0.002 -23"><span class='ocrx_word' id='word_1_334' title='bbox 506 3965 566 4030; x_wconf 88' lang='lat' dir='ltr'><strong>nia</strong></span> <span class='ocrx_word' id='word_1_335' title='bbox 589 3962 715 4029; x_wconf 85' lang='lat' dir='ltr'><strong>Gallici</strong></span> <span class='ocrx_word' id='word_1_336' title='bbox 741 3961 901 4038; x_wconf 78' lang='lat' dir='ltr'><strong>tnmnltns</strong></span> <span class='ocrx_word' id='word_1_337' title='bbox 930 3971 1151 4052; x_wconf 80' lang='lat' dir='ltr'><strong>acceptaeque</strong></span> <span class='ocrx_word' id='word_1_338' title='bbox 1181 3959 1299 4040; x_wconf 85' lang='lat' dir='ltr'><strong>cladis,</strong></span> <span class='ocrx_word' id='word_1_339' title='bbox 1322 3980 1393 4050; x_wconf 81' lang='lat' dir='ltr'><strong>qna</strong></span> <span class='ocrx_word' id='word_1_340' title='bbox 1417 3981 1559 4048; x_wconf 74' lang='lat' dir='ltr'><strong>requam</strong></span> <span class='ocrx_word' id='word_1_341' title='bbox 1587 3961 1623 4025; x_wconf 90' lang='lat' dir='ltr'><strong>in</strong></span> <span class='ocrx_word' id='word_1_342' title='bbox 1652 3961 1789 4028; x_wconf 79' lang='lat' dir='ltr'><strong>clabiam</strong></span> <span class='ocrx_word' id='word_1_343' title='bbox 1815 3965 1997 4030; x_wconf 82' lang='lat' dir='ltr'><strong>adductum</strong></span> <span class='ocrx_word' id='word_1_344' title='bbox 2024 3977 2122 4053; x_wconf 79' lang='lat' dir='ltr'><strong>earet,</strong></span> 
     </span>
     <span class='ocr_line' id='line_1_32' title="bbox 507 4059 2122 4158; baseline 0.005 -26"><span class='ocrx_word' id='word_1_345' title='bbox 507 4066 718 4134; x_wconf 80' lang='lat' dir='ltr'><strong>scribendum</strong></span> <span class='ocrx_word' id='word_1_346' title='bbox 739 4088 813 4131; x_wconf 88' lang='lat' dir='ltr'><strong>esse</strong></span> <span class='ocrx_word' id='word_1_347' title='bbox 835 4065 998 4130; x_wconf 89' lang='lat' dir='ltr'><strong>docerem.</strong></span> <span class='ocrx_word' id='word_1_348' title='bbox 1022 4065 1096 4131; x_wconf 84' lang='grc' dir='ltr'><strong>Βθ.</strong></span> <span class='ocrx_word' id='word_1_349' title='bbox 1120 4067 1163 4130; x_wconf 92' lang='grc' dir='ltr'><strong>Β.</strong></span> <span class='ocrx_word' id='word_1_350' title='bbox 1209 4061 1294 4128; x_wconf 84' lang='lat' dir='ltr'><strong>Rem</strong></span> <span class='ocrx_word' id='word_1_351' title='bbox 1317 4059 1449 4126; x_wconf 87' lang='lat' dir='ltr'><strong>coniicit</strong></span> <span class='ocrx_word' id='word_1_352' title='bbox 1477 4059 1593 4127; x_wconf 84' lang='lat' dir='ltr'><strong>Livius</strong></span> <span class='ocrx_word' id='word_1_353' title='bbox 1616 4061 1702 4149; x_wconf 84' lang='lat' dir='ltr'><strong>ipse,</strong></span> <span class='ocrx_word' id='word_1_354' title='bbox 1733 4066 1791 4152; x_wconf 88' lang='lat' dir='ltr'><strong>qni</strong></span> <span class='ocrx_word' id='word_1_355' title='bbox 1813 4065 1913 4150; x_wconf 87' lang='lat' dir='ltr'><strong>VIII,</strong></span> <span class='ocrx_word' id='word_1_356' title='bbox 1938 4067 1969 4134; x_wconf 84' lang='grc'><strong>1.</strong></span> <span class='ocrx_word' id='word_1_357' title='bbox 1999 4069 2122 4158; x_wconf 85' lang='lat' dir='ltr'><strong>Setini,</strong></span> 
     </span>
     <span class='ocr_line' id='line_1_33' title="bbox 507 4169 2124 4262; baseline 0.006 -28"><span class='ocrx_word' id='word_1_358' title='bbox 507 4169 631 4258; x_wconf 86' lang='lat' dir='ltr'><strong>inquit,</strong></span> <span class='ocrx_word' id='word_1_359' title='bbox 657 4170 880 4262; x_wconf 81' lang='lat' dir='ltr'><strong>Norbanique</strong></span> <span class='ocrx_word' id='word_1_360' title='bbox 902 4173 1062 4253; x_wconf 79' lang='lat' dir='ltr'><strong>llamam,</strong></span> <span class='ocrx_word' id='word_1_361' title='bbox 1078 4171 1189 4233; x_wconf 83' lang='lat' dir='ltr'><strong>nuaetii</strong></span> <span class='ocrx_word' id='word_1_362' title='bbox 1216 4169 1412 4258; x_wconf 69' lang='lat' dir='ltr'><strong>defectionis</strong></span> <span class='ocrx_word' id='word_1_363' title='bbox 1436 4170 1705 4251; x_wconf 84' lang='lat' dir='ltr'><strong>Priuernatium,</strong></span> <span class='ocrx_word' id='word_1_364' title='bbox 1727 4194 1802 4236; x_wconf 85' lang='lat' dir='ltr'><strong>curn</strong></span> <span class='ocrx_word' id='word_1_365' title='bbox 1829 4175 2047 4262; x_wconf 73' lang='lat' dir='ltr'><strong>quaerimoniis</strong></span> <span class='ocrx_word' id='word_1_366' title='bbox 2070 4201 2124 4243; x_wconf 86' lang='lat' dir='ltr'><strong>aa·</strong></span> 
     </span>
     <span class='ocr_line' id='line_1_34' title="bbox 507 4271 2123 4369; baseline 0.005 -27"><span class='ocrx_word' id='word_1_367' title='bbox 507 4284 623 4361; x_wconf 86' lang='lat' dir='ltr'><strong>ceptae</strong></span> <span class='ocrx_word' id='word_1_368' title='bbox 646 4273 753 4339; x_wconf 78' lang='lat' dir='ltr'><strong>cladis</strong></span> <span class='ocrx_word' id='word_1_369' title='bbox 773 4282 949 4340; x_wconf 76' lang='lat' dir='ltr'><strong>venerunt.</strong></span> <span class='ocrx_word' id='word_1_370' title='bbox 996 4272 1168 4338; x_wconf 84' lang='lat' dir='ltr'><strong>Praeterea</strong></span> <span class='ocrx_word' id='word_1_371' title='bbox 1189 4271 1229 4337; x_wconf 90' lang='lat' dir='ltr'><strong>de</strong></span> <span class='ocrx_word' id='word_1_372' title='bbox 1248 4298 1283 4341; x_wconf 89' lang='lat' dir='ltr'><strong>re</strong></span> <span class='ocrx_word' id='word_1_373' title='bbox 1304 4276 1376 4366; x_wconf 85' lang='lat' dir='ltr'><strong>ipsa</strong></span> <span class='ocrx_word' id='word_1_374' title='bbox 1399 4273 1581 4342; x_wconf 85' lang='lat' dir='ltr'><strong>contulisse</strong></span> <span class='ocrx_word' id='word_1_375' title='bbox 1605 4274 1742 4357; x_wconf 84' lang='lat' dir='ltr'><strong>iuvabit,</strong></span> <span class='ocrx_word' id='word_1_376' title='bbox 1766 4299 1851 4366; x_wconf 77' lang='lat' dir='ltr'><strong>quiae</strong></span> <span class='ocrx_word' id='word_1_377' title='bbox 1865 4279 1987 4369; x_wconf 79' lang='lat' dir='ltr'><strong>Polyb.</strong></span> <span class='ocrx_word' id='word_1_378' title='bbox 2002 4281 2123 4368; x_wconf 90' lang='lat' dir='ltr'><strong>XXX,</strong></span> 
     </span>
     <span class='ocr_line' id='line_1_35' title="bbox 511 4377 2122 4473; baseline 0.005 -30"><span class='ocrx_word' id='word_1_379' title='bbox 511 4380 541 4445; x_wconf 91' lang='lat' dir='ltr'><strong>I.</strong></span> <span class='ocrx_word' id='word_1_380' title='bbox 566 4379 606 4444; x_wconf 90' lang='lat' dir='ltr'><strong>de</strong></span> <span class='ocrx_word' id='word_1_381' title='bbox 628 4379 893 4445; x_wconf 64' lang='lat' dir='ltr'><strong>auditionem</strong></span> <span class='ocrx_word' id='word_1_382' title='bbox 916 4378 1059 4445; x_wconf 84' lang='lat' dir='ltr'><strong>adventu</strong></span> <span class='ocrx_word' id='word_1_383' title='bbox 1077 4377 1245 4464; x_wconf 78' lang='lat' dir='ltr'><strong>leguntur.</strong></span> <span class='ocrx_word' id='word_1_384' title='bbox 1263 4417 1303 4430; x_wconf 93' lang='lat'><em>-</em></span> <span class='ocrx_word' id='word_1_385' title='bbox 1321 4393 1354 4448; x_wconf 89' lang='lat' dir='ltr'><strong>ct</strong></span> <span class='ocrx_word' id='word_1_386' title='bbox 1375 4380 1452 4446; x_wconf 78' lang='lat' dir='ltr'><strong>Inde</strong></span> <span class='ocrx_word' id='word_1_387' title='bbox 1474 4378 1631 4463; x_wconf 87' lang='lat' dir='ltr'><strong>tribucre,</strong></span> <span class='ocrx_word' id='word_1_388' title='bbox 1651 4390 1683 4442; x_wconf 90' lang='lat' dir='ltr'><strong>et</strong></span> <span class='ocrx_word' id='word_1_389' title='bbox 1706 4377 1755 4445; x_wconf 95' lang='lat' dir='ltr'><strong>illi</strong></span> <span class='ocrx_word' id='word_1_390' title='bbox 1777 4403 1854 4447; x_wconf 84' lang='lat' dir='ltr'><strong>vcro</strong></span> <span class='ocrx_word' id='word_1_391' title='bbox 1878 4386 2015 4473; x_wconf 72' lang='lat' dir='ltr'><strong>negare]</strong></span> <span class='ocrx_word' id='word_1_392' title='bbox 2037 4385 2122 4452; x_wconf 87' lang='lat' dir='ltr'><strong>Cod.</strong></span> 
     </span>
     <span class='ocr_line' id='line_1_36' title="bbox 507 4479 2124 4574; baseline -0.001 -22"><span class='ocrx_word' id='word_1_393' title='bbox 507 4494 541 4552; x_wconf 88' lang='lat' dir='ltr'><strong>et</strong></span> <span class='ocrx_word' id='word_1_394' title='bbox 565 4485 643 4551; x_wconf 85' lang='lat' dir='ltr'><strong>buic</strong></span> <span class='ocrx_word' id='word_1_395' title='bbox 665 4485 828 4553; x_wconf 80' lang='lat' dir='ltr'><strong>tribueret</strong></span> <span class='ocrx_word' id='word_1_396' title='bbox 853 4483 910 4549; x_wconf 87' lang='lat' dir='ltr'><strong>ille</strong></span> <span class='ocrx_word' id='word_1_397' title='bbox 931 4507 1014 4550; x_wconf 84' lang='lat' dir='ltr'><strong>uero</strong></span> <span class='ocrx_word' id='word_1_398' title='bbox 1036 4507 1173 4573; x_wconf 77' lang='lat' dir='ltr'><strong>neparc.</strong></span> <span class='ocrx_word' id='word_1_399' title='bbox 1218 4483 1269 4548; x_wconf 86' lang='lat' dir='ltr'><strong>Ita</strong></span> <span class='ocrx_word' id='word_1_400' title='bbox 1300 4482 1353 4548; x_wconf 82' lang='lat' dir='ltr'><strong>laic</strong></span> <span class='ocrx_word' id='word_1_401' title='bbox 1384 4482 1491 4563; x_wconf 89' lang='lat' dir='ltr'><strong>Iocus,</strong></span> <span class='ocrx_word' id='word_1_402' title='bbox 1522 4479 1562 4544; x_wconf 87' lang='lat' dir='ltr'><strong>de</strong></span> <span class='ocrx_word' id='word_1_403' title='bbox 1590 4479 1684 4545; x_wconf 91' lang='lat' dir='ltr'><strong>cuius</strong></span> <span class='ocrx_word' id='word_1_404' title='bbox 1715 4481 1904 4570; x_wconf 72' lang='lat' dir='ltr'><strong>integritate</strong></span> <span class='ocrx_word' id='word_1_405' title='bbox 1933 4485 2124 4574; x_wconf 74' lang='lat' dir='ltr'><strong>ambigitur,</strong></span> 
     </span>
     <span class='ocr_line' id='line_1_37' title="bbox 506 4584 2124 4677; baseline 0.002 -23"><span class='ocrx_word' id='word_1_406' title='bbox 506 4587 542 4654; x_wconf 89' lang='lat' dir='ltr'><strong>in</strong></span> <span class='ocrx_word' id='word_1_407' title='bbox 563 4587 678 4655; x_wconf 88' lang='lat' dir='ltr'><strong>codice</strong></span> <span class='ocrx_word' id='word_1_408' title='bbox 697 4588 840 4677; x_wconf 88' lang='lat' dir='ltr'><strong>scriptus</strong></span> <span class='ocrx_word' id='word_1_409' title='bbox 863 4599 926 4653; x_wconf 87' lang='lat' dir='ltr'><strong>est.</strong></span> <span class='ocrx_word' id='word_1_410' title='bbox 942 4586 1090 4654; x_wconf 84' lang='lat' dir='ltr'><strong>-velut</strong></span> <span class='ocrx_word' id='word_1_411' title='bbox 1113 4587 1239 4674; x_wconf 83' lang='lat' dir='ltr'><strong>Irenae]</strong></span> <span class='ocrx_word' id='word_1_412' title='bbox 1255 4585 1340 4651; x_wconf 82' lang='lat' dir='ltr'><strong>cod.</strong></span> <span class='ocrx_word' id='word_1_413' title='bbox 1361 4585 1467 4651; x_wconf 84' lang='lat' dir='ltr'><strong>ueluti</strong></span> <span class='ocrx_word' id='word_1_414' title='bbox 1486 4607 1599 4668; x_wconf 82' lang='lat' dir='ltr'><strong>renos,</strong></span> <span class='ocrx_word' id='word_1_415' title='bbox 1624 4584 1714 4672; x_wconf 88' lang='lat' dir='ltr'><strong>qnod</strong></span> <span class='ocrx_word' id='word_1_416' title='bbox 1737 4585 1770 4648; x_wconf 93' lang='lat' dir='ltr'><strong>in</strong></span> <span class='ocrx_word' id='word_1_417' title='bbox 1792 4587 1898 4654; x_wconf 60' lang='lat' dir='ltr'><strong>armti</strong></span> <span class='ocrx_word' id='word_1_418' title='bbox 1916 4587 2032 4676; x_wconf 69' lang='lat' dir='ltr'><strong>[rerem</strong></span> <span class='ocrx_word' id='word_1_419' title='bbox 2055 4613 2124 4658; x_wconf 88' lang='lat' dir='ltr'><strong>mu·</strong></span> 
     </span>
     <span class='ocr_line' id='line_1_38' title="bbox 506 4687 2124 4786; baseline 0.003 -28"><span class='ocrx_word' id='word_1_420' title='bbox 506 4689 585 4757; x_wconf 80' lang='lat' dir='ltr'><strong>tavi.</strong></span> <span class='ocrx_word' id='word_1_421' title='bbox 608 4691 653 4755; x_wconf 94' lang='grc' dir='ltr'><strong>Β.</strong></span> <span class='ocrx_word' id='word_1_422' title='bbox 698 4687 814 4755; x_wconf 85' lang='lat' dir='ltr'><strong>Utrum</strong></span> <span class='ocrx_word' id='word_1_423' title='bbox 835 4703 936 4774; x_wconf 91' lang='lat' dir='ltr'><strong>recte,</strong></span> <span class='ocrx_word' id='word_1_424' title='bbox 959 4713 1000 4756; x_wconf 90' lang='lat' dir='ltr'><strong>aa</strong></span> <span class='ocrx_word' id='word_1_425' title='bbox 1024 4711 1210 4778; x_wconf 90' lang='lat' dir='ltr'><strong>perperam,</strong></span> <span class='ocrx_word' id='word_1_426' title='bbox 1232 4716 1298 4758; x_wconf 90' lang='lat' dir='ltr'><strong>uon</strong></span> <span class='ocrx_word' id='word_1_427' title='bbox 1319 4691 1528 4781; x_wconf 87' lang='lat' dir='ltr'><strong>interpretor.</strong></span> <span class='ocrx_word' id='word_1_428' title='bbox 1573 4689 1658 4756; x_wconf 84' lang='lat' dir='ltr'><strong>Nam</strong></span> <span class='ocrx_word' id='word_1_429' title='bbox 1677 4690 1792 4759; x_wconf 87' lang='lat' dir='ltr'><strong>literae</strong></span> <span class='ocrx_word' id='word_1_430' title='bbox 1813 4694 1850 4759; x_wconf 81' lang='lat' dir='ltr'><em>F</em></span> <span class='ocrx_word' id='word_1_431' title='bbox 1867 4704 1901 4758; x_wconf 90' lang='lat' dir='ltr'><strong>et</strong></span> <span class='ocrx_word' id='word_1_432' title='bbox 1921 4697 1943 4759; x_wconf 92' lang='lat'><em>1</em></span> <span class='ocrx_word' id='word_1_433' title='bbox 1964 4691 2019 4761; x_wconf 85' lang='lat' dir='ltr'><strong>bie</strong></span> <span class='ocrx_word' id='word_1_434' title='bbox 2045 4719 2124 4786; x_wconf 86' lang='lat' dir='ltr'><strong>quo·</strong></span> 
     </span>
     <span class='ocr_line' id='line_1_39' title="bbox 507 4791 2225 4890; baseline 0.005 -30"><span class='ocrx_word' id='word_1_435' title='bbox 507 4817 573 4883; x_wconf 89' lang='lat' dir='ltr'><strong>que</strong></span> <span class='ocrx_word' id='word_1_436' title='bbox 596 4791 773 4882; x_wconf 89' lang='lat' dir='ltr'><strong>permutari</strong></span> <span class='ocrx_word' id='word_1_437' title='bbox 797 4805 987 4879; x_wconf 88' lang='lat' dir='ltr'><strong>potuerant,</strong></span> <span class='ocrx_word' id='word_1_438' title='bbox 1012 4803 1047 4857; x_wconf 90' lang='lat' dir='ltr'><strong>ut</strong></span> <span class='ocrx_word' id='word_1_439' title='bbox 1070 4792 1154 4858; x_wconf 82' lang='lat' dir='ltr'><strong>inira</strong></span> <span class='ocrx_word' id='word_1_440' title='bbox 1177 4817 1249 4882; x_wconf 86' lang='lat' dir='ltr'><strong>cap.</strong></span> <span class='ocrx_word' id='word_1_441' title='bbox 1273 4791 1328 4858; x_wconf 73' lang='lat'><strong>24.</strong></span> <span class='ocrx_word' id='word_1_442' title='bbox 1354 4795 1411 4862; x_wconf 86' lang='lat' dir='ltr'><strong>ubi</strong></span> <span class='ocrx_word' id='word_1_443' title='bbox 1438 4793 1590 4861; x_wconf 85' lang='lat' dir='ltr'><strong>librarius</strong></span> <span class='ocrx_word' id='word_1_444' title='bbox 1620 4793 1797 4877; x_wconf 77' lang='lat' dir='ltr'><strong>contrario,</strong></span> <span class='ocrx_word' id='word_1_445' title='bbox 1829 4795 1859 4860; x_wconf 91' lang='lat' dir='ltr'><strong>si</strong></span> <span class='ocrx_word' id='word_1_446' title='bbox 1888 4797 1983 4863; x_wconf 86' lang='lat' dir='ltr'><strong>uelut</strong></span> <span class='ocrx_word' id='word_1_447' title='bbox 2008 4797 2126 4890; x_wconf 74' lang='lat' dir='ltr'><strong>[ranas</strong></span> <span class='ocrx_word' id='word_1_448' title='bbox 2221 4827 2225 4840; x_wconf 92' lang='lat'>·</span> 
     </span>
    </p>
   </div>
   <div class='ocr_carea' id='block_1_8' title="bbox 0 0 2422 5970">
    <p class='ocr_par' dir='ltr' id='par_1_8' title="bbox 0 0 2422 5970">
     <span class='ocr_line' id='line_1_40' title="bbox 0 0 2422 5970; baseline 0 0"><span class='ocrx_word' id='word_1_449' title='bbox 0 0 2422 5970; x_wconf 95' lang='lat' dir='ltr'><strong> </strong></span> 
     </span>
    </p>
   </div>
  </div>
 </body>
</html>
