4814 5970
1871 697 1922 772 23

308 885 460 958 l'sfllt'fi'r,
480 898 558 946 aare
576 879 690 952 m,
707 889 773 960 prta
790 885 923 950 merul
943 875 1115 957 Aptulriuat
1134 877 1233 940 reliit.
1278 877 1414 942 Ceterum
1431 877 1562 942 Pertuius
1582 897 1612 960 p.
1633 873 1666 940 8.
1689 891 1845 962 pamm
1866 897 1920 946 aa.

308 987 413 1054 cabulo
431 986 530 1068 plebes
549 1001 616 1045 cum
640 981 686 1056 iis,
702 999 776 1061 quae
790 978 928 1061 proximo
939 985 1110 1058 mutamur,
1126 981 1330 1061 emungente
1343 981 1605 1062 interpunctionem
1620 985 1772 1052 minimam
1786 984 1919 1052 subiecit.

392 1141 574 1206 CONSU...
595 1137 709 1218 ΑΜΒΟ]
731 1139 820 1202 Recte
839 1135 956 1216 apsidem
973 1131 1104 1194 Pertzins
1125 1151 1156 1212 p.
1179 1127 1210 1194 1.
1234 1140 1262 1194 ct
1277 1127 1326 1194 12.
1340 1133 1412 1194 haec
1432 1131 1471 1194 lta
1492 1133 1626 1208 restituit,
1648 1145 1682 1198 ut
1702 1155 1736 1199 ex
1757 1137 1829 1202 mvii
1849 1155 1922 1202 ooo·

192 1285 197 1313 t
306 1245 473 1318 suetudine,
496 1245 532 1306 de
554 1261 610 1324 qua
630 1237 796 1304 Gronovius
819 1247 847 1300 ot
868 1235 1123 1299 Drakenborcbins
1144 1238 1180 1298 ad
1202 1237 1265 1300 Liv.
1289 1237 1401 1309 XXXV,
1424 1233 1475 1310 ut,
1497 1235 1528 1298 5.
1551 1249 1761 1320 exposuerant,
1786 1243 1922 1304 conules

306 1349 396 1415 umbo
416 1348 567 1422 scriberet,
590 1345 642 1428 epti
659 1345 758 1408 minus
779 1351 867 1414 reete,
891 1348 924 1402 ut
944 1341 1002 1404 iam
1024 1355 1115 1420 supra
1135 1339 1202 1412 dixi,
1221 1338 1268 1400 his
1288 1338 1385 1401 verbis
1408 1339 1445 1412 Q.
1459 1339 1647 1403 Hortensium
1669 1351 1699 1404 et
1714 1343 1750 1418 0.
1766 1345 1919 1408 Comitium

165 1495 170 1504 -
306 1455 451 1518 listellam
475 1453 638 1525 Creticum,
671 1467 747 1530 quos
769 1464 796 1510 a.
822 1467 852 1510 u.
875 1439 949 1508 out.
972 1445 1032 1507 eive
1055 1439 1108 1506 69.
1131 1463 1157 1505 a.
1180 1443 1248 1505 Chr.
1276 1443 1410 1505 consules
1432 1443 1523 1505 luisse
1544 1451 1674 1519 constat,
1697 1445 1868 1528 significari,
1892 1457 1921 1510 et

307 1557 497 1622 Hortensium
526 1557 556 1618 in
584 1553 635 1628 iis,
666 1571 742 1634 quae
768 1551 990 1624 interciderunt,
1023 1529 1286 1610 commemoratum
1316 1563 1381 1608 esse
1407 1545 1589 1608 existimarit.
1634 1547 1674 1610 lta
1705 1550 1800 1624 eobo,
1830 1569 1920 1630 mum

305 1679 394 1726 nemo
416 1661 499 1722 laoile
520 1659 575 1720 sibi
597 1677 795 1740 persuasurus
815 1657 862 1730 sit,
883 1655 996 1718 Livium
1019 1661 1089 1736 post
1110 1653 1212 1712 rerba:
1232 1653 1265 1712 in
1283 1650 1548 1732 propugnaculum
1565 1657 1710 1732 pereunt,
1722 1653 1829 1734 quibus
1849 1671 1920 1717 ora·

307 1767 349 1830 u'o
372 1766 505 1828 absolute
533 1765 733 1838 concluditur,
766 1765 821 1826 alia
849 1781 940 1843 eaque
962 1762 1075 1823 diuersa
1097 1757 1134 1818 do
1156 1755 1314 1818 llortemio
1343 1755 1496 1831 anteesse,
1529 1756 1631 1818 verba:
1660 1757 1796 1822 eonsules
1824 1761 1930 1834 umbo„

307 1889 382 1952 quae
405 1868 513 1932 rectius
536 1887 602 1932 cum
625 1868 714 1930 verbo
737 1867 855 1931 t'noorlit
877 1862 1013 1946 coniungi
1034 1871 1139 1944 postea
1158 1859 1377 1936 demonstrabo,
1400 1880 1459 1922 uon
1481 1861 1642 1936 habebunt,
1663 1881 1722 1944 quo
1744 1865 1919 1926 colorantur.

306 1969 398 2033 Aliter
417 1989 466 2032 res
488 1990 520 2032 se
541 1969 675 2058 haberet,
698 1971 722 2032 si
746 1969 844 2030 Livius
866 1967 910 2028 vel
934 1967 1040 2028 usitato
1062 1985 1162 2036 neore,
1187 1983 1273 2044 quem
1295 1963 1331 2038 11,
1355 1961 1385 2026 7.
1408 1963 1437 2028 in
1458 1965 1570 2028 verbis:
1593 1977 1694 2028 tantus
1717 1977 1818 2029 terror
1842 1967 1919 2031 Tor-

306 2080 446 2160 puinium
468 2088 556 2158 utque
576 2075 717 2138 Etruscos
739 2077 865 2144 incessit,
884 2082 928 2144 ut,
951 2073 1057 2132 omisso
1079 2071 1173 2130 irrito
1194 2087 1241 2140 re,
1262 2079 1346 2130 storto
1368 2069 1455 2130 umbo
1478 2073 1641 2142 eueru'tus,
1670 2067 1768 2130 Veieres
1792 2067 1930 2152 Torpui-¹

305 2165 485 2262 minuitque,
506 2197 578 2238 suos
599 2161 721 2258 quisquc
743 2175 860 2238 obirent
882 2175 1000 2247 domos,
1023 2180 1140 2234 secutus
1163 2183 1220 2250 cst,
1243 2173 1289 2234 hic
1311 2193 1427 2256 quoqne
1449 2175 1630 2256 scripsisset:
1675 2174 1760 2238 Plebs
1787 2176 1929 2261 corasttles⁸

306 2287 403 2360 amba,
429 2285 463 2358 Q.
485 2279 649 2354 Metellum,
670 2284 720 2342 cui
734 2291 840 2360 posteo
863 2276 978 2340 Cretico
1001 2295 1160 2358 copnomett
1180 2279 1256 2360 satit,
1279 2292 1306 2343 et
1330 2278 1364 2354 Q.
1387 2279 1596 2355 Hortensium,
1619 2288 1721 2344 virum
1741 2264 1930 2360 eloquentis-¹
1954 2353 1963 2362 ,

306 2396 430 2461 nutum,
459 2404 547 2446 sucro
578 2388 629 2446 oia
660 2403 728 2458 cum
757 2389 864 2464 mopso
894 2380 1026 2442 tumultu
1056 2379 1187 2452 inuadit,
1216 2379 1259 2442 vel
1282 2381 1445 2444 orationem
1467 2385 1505 2444 ita
1527 2387 1757 2458 conformasset,
1788 2393 1819 2447 ut
1841 2383 1919 2460 alibi,

307 2511 397 2574 quum
419 2490 456 2552 dc
477 2489 580 2552 eodem
601 2487 754 2550 bominum
777 2503 883 2566 genere
906 2481 1018 2545 diversa
1040 2501 1095 2564 per
1116 2485 1330 2566 appositionem
1354 2497 1517 2551 narrantur.
1564 2489 1650 2562 Qarod
1679 2499 1711 2552 nt
1740 2490 1851 2552 facilius
1873 2490 1919 2552 in·

305 2595 459 2678 telligatur,
481 2592 552 2656 mihi
574 2599 736 2672 temperare
755 2609 815 2652 noo
835 2605 971 2668 possum,
994 2605 1052 2666 qno
1075 2587 1171 2651 minus
1193 2589 1336 2652 eiusmodi
1353 2591 1435 2652 iocos
1457 2589 1632 2652 adscribam.
1676 2593 1737 2656 Lir.
1759 2593 1788 2668 l,
1810 2589 1861 2654 55.
1885 2594 1921 2657 tle

305 2701 383 2766 lovis
404 2701 514 2781 templo
536 2700 566 2761 in
588 2707 687 2762 monte
709 2696 854 2778 Tarpeio:
886 2694 1065 2774 Tarquinios
1086 2695 1167 2776 r'epes
1189 2695 1306 2768 omlos,
1325 2704 1445 2776 petrem
1467 2698 1597 2768 uouisse,
1626 2695 1728 2776 filium
1751 2699 1922 2777 perfecisse,

305 2809 406 2880 xxiv,
436 2803 488 2870 211.
535 2805 677 2868 Consules
698 2801 863 2864 Marcellus
883 2809 983 2870 retro,
1005 2797 1084 2858 uate
1109 2809 1245 2872 arnmot,
1266 2796 1377 2860 Nolunt
1394 2797 1486 2872 redit,
1506 2797 1618 2861 Foliam
1637 2803 1672 2860 iu
1693 2797 1852 2860 Somru'um
1882 2797 1921 2862 al

302 2911 494 2997 populandos
517 2929 605 2990 apros
633 2908 872 2990 renpieudospue
895 2905 1004 2974 ormt's,
1037 2919 1113 2982 quoe
1135 2903 1318 2982 defecerant,
1340 2903 1427 2964 urbes
1445 2907 1605 2984 processit,
1625 2901 1719 2978 XXV,
1755 2899 1803 2965 19.
1848 2901 1922 2966 tace

306 3017 506 3090 consolemur
528 3024 694 3076 auerterent
714 3011 820 3093 Capua
836 3007 1047 3078 Honru'lulem,
1065 3013 1159 3076 nocte,
1180 3021 1255 3084 quoe
1274 3013 1376 3065 secuto
1397 3015 1448 3078 eat,
1472 3005 1592 3076 clr'oersi,
1612 3001 1738 3068 Ftrloius
1758 3011 1793 3068 in
1812 3025 1920 3088 optutu

308 3119 486 3192 Cumanum,
512 3116 661 3180 Claudius
682 3120 715 3178 in
734 3115 869 3183 Lucanos
889 3114 980 3183 uliit,
1001 3105 1141 3182 xxxva,
1168 3103 1216 3168 13.
1260 3107 1405 3184 liemoni,
1424 3129 1498 3190 pora
1520 3114 1645 3190 em'puu,
1663 3115 1773 3191 primis
1793 3111 1919 3175 tenebris

301 3232 429 3306 portum
449 3221 569 3282 Samiae
591 3220 738 3282 desertum
762 3228 938 3290 tenuerunt,·
969 3213 1071 3275 elosu's
1097 3225 1192 3278 cetero
1212 3227 1326 3278 noctem
1350 3225 1444 3278 totum
1465 3221 1499 3278 in
1521 3215 1583 3279 olto
1606 3220 1719 3280 iactatu
1740 3221 1775 3280 in
1796 3218 1920 3280 carmem

302 3337 429 3408 portum
450 3326 599 3396 decurrit,
622 3329 651 3384 et
671 3322 731 3397 tm,
754 3317 806 3384 28.
828 3327 958 3403 iussique
983 3330 1139 3400 praetores
1159 3320 1297 3383 Petillios
1318 3321 1453 3384 urlouos
1473 3322 1624 3384 dimittere
1645 3324 1787 3404 lepioues,
1809 3321 1921 3388 Fabius

305 3435 394 3494 sociis
416 3438 504 3510 utque
524 3429 642 3490 nornine·
662 3425 768 3488 lutino
792 3431 941 3488 remittere
964 3423 1117 3486 delectum.
1161 3421 1213 3485 His
1233 3423 1307 3484 adde
1329 3421 1364 3496 X,
1388 3419 1439 3486 27.
1462 3425 1530 3486 inde
1551 3427 1685 3488 diuersae
1710 3429 1813 3508 ferus,
1833 3449 1922 3494 cuno

307 3533 347 3598 tul
369 3531 480 3605 liollos,
503 3531 592 3612 lupus
612 3529 652 3590 etl
672 3529 823 3592 Romanos
845 3547 967 3592 cursum
990 3527 1121 3608 defleuit.
1157 3523 1222 3586 vid.
1245 3525 1345 3589 Krituii
1369 3536 1396 3588 et
1416 3527 1535 3606 Bergeri
1557 3529 1688 3592 Gramm.
1711 3529 1775 3594 Lat.
1793 3553 1825 3612 p.
1844 3529 1918 3597 295.
1946 3613 1951 3634 .

391 3687 429 3757 0·
452 3679 671 3758 METELLUM]
693 3677 895 3742 maotmniuis
916 3685 1003 3738 notas
1021 3677 1077 3748 bio,
1102 3684 1134 3737 ut
1151 3675 1228 3750 olibi,
1250 3685 1389 3757 puuctum
1409 3686 1453 3740 est
1475 3677 1647 3743 satiacum.
1691 3681 1819 3746 Eandem
1841 3686 1917 3749 duo-

304 3788 361 3852 bus
389 3787 535 3862 interdum
561 3783 676 3865 punctis
705 3785 844 3846 inclusam
875 3801 954 3856 esse,
985 3787 1054 3861 post
1080 3778 1259 3844 lurmatium
1281 3782 1316 3844 ad
1338 3781 1410 3844 Livii
1432 3782 1506 3846 lliet.
1530 3785 1594 3846 Lib.
1617 3785 1689 3848 XGl.
1711 3787 1919 3868 Fragmentum

305 3911 336 3974 p.
357 3887 430 3954 3115.
453 3898 483 3952 et
502 3886 574 3951 titt.
597 3889 694 3950 tlocni.
737 3887 795 3948 Seri
816 3887 888 3949 baoo
906 3885 1013 3947 leviora
1033 3892 1113 3946 suut:
1135 3883 1205 3946 illud
1224 3884 1301 3946 baud
1329 3887 1426 3965 paubo
1450 3890 1583 3968 grauius,
1614 3891 1747 3970 quoties
1774 3893 1824 3968 iis,
1846 3912 1920 3974 quae

305 4015 396 4078 supra
417 3997 454 4059 tle
474 3993 587 4057 verbis:
609 3994 742 4058 consules
763 3992 869 4067 usto,
899 3991 1116 4064 annotavimus,
1138 3988 1221 4050 lacile
1242 3985 1423 4067 intelligitur,
1448 3992 1485 4064 Q.
1511 3993 1671 4068 Metellum,
1696 3995 1731 4056 de
1759 4015 1819 4077 quo
1841 3997 1919 4061 bru·

305 4103 403 4166 manati
421 4101 496 4164 llist.
517 4101 604 4162 Rom.
628 4099 707 4162 Part.
729 4099 766 4160 ll.
790 4117 821 4179 p.
845 4091 896 4159 ott.
919 4113 984 4176 sqq.
1011 4095 1095 4156 velim
1118 4097 1267 4170 conteras,
1297 4101 1376 4170 tum,
1405 4115 1494 4176 quum
1524 4100 1594 4160 haec
1615 4099 1726 4162 Romae
1754 4111 1917 4183 agerentur,

305 4227 367 4272 non
388 4207 547 4282 consulem,
572 4207 623 4270 sed
644 4205 793 4268 hominem
813 4205 958 4285 loricatum
982 4202 1082 4264 luisse.
1128 4201 1222 4281 Atque
1244 4207 1275 4261 ut
1297 4201 1335 4262 ita
1358 4205 1492 4282 statuam,
1515 4201 1584 4264 illud
1606 4221 1723 4284 quoque
1744 4217 1916 4282 memoret,

307 4311 387 4396 qnod
416 4312 504 4376 verba
535 4331 552 4372 a
578 4311 694 4373 Pertzio
722 4327 782 4371 aon
810 4307 885 4372 male
915 4305 1062 4370 restituta:
1091 4311 1141 4370 cm
1165 4317 1269 4388 poster
1300 4305 1413 4368 Cretico
1436 4325 1596 4387 copnomert
1619 4310 1698 4389 suit,
1720 4325 1793 4390 quae
1815 4311 1919 4374 Metalli

306 4417 418 4483 sumiti
439 4396 641 4489 subiiciuntur,
664 4413 775 4478 laomim
798 4413 911 4493 privato
933 4413 1027 4492 magis
1050 4429 1136 4492 quum
1157 4411 1280 4486 consuli,
1304 4429 1390 4492 quem
1413 4431 1429 4472 a
1449 4412 1531 4474 Liuio
1551 4414 1608 4474 iam
1632 4421 1714 4475 autea
1735 4431 1917 4478 commemo·

307 4529 404 4586 ratum
422 4520 513 4584 imme
533 4535 675 4600 pemuam
697 4516 850 4598 probabile
865 4517 951 4591 iuret,
969 4517 1124 4581 convenire
1143 4517 1285 4580 ridentur.
1328 4515 1371 4579 lta
1394 4525 1490 4580 autem
1509 4517 1596 4580 simol
1616 4519 1749 4593 efficitur,
1763 4521 1919 4584 tumultum

306 4626 389 4690 mm
410 4643 471 4688 uon
493 4643 540 4698 oo,
563 4639 623 4703 quo
644 4619 776 4684 Pertrius
795 4623 904 4696 metuit,
920 4637 996 4684 anno
1012 4623 1042 4684 in
1064 4643 1147 4686 sacra
1169 4625 1213 4685 ria
1234 4629 1368 4685 exortam
1390 4641 1464 4698 esse,
1480 4641 1576 4704 neque
1595 4621 1708 4686 livium
1728 4621 1801 4688 baeu
1822 4625 1919 4686 omnia

307 4731 339 4796 'm
356 4707 458 4793 odero
480 4736 509 4790 et
528 4725 720 4807 magnino
741 4723 931 4786 bistoriamm
952 4741 1073 4788 suarum
1095 4725 1173 4790 bbro
1199 4743 1337 4788 enarrare
1363 4725 1506 4806 potuisse.
1549 4723 1681 4790 Certiora
1710 4733 1805 4790 nureo
1833 4733 1921 4805 atque

218 4913 223 4934 Ι
309 4833 515 4918 memora,
536 4831 600 4896 rtisi
613 4827 799 4911 probareris,
818 4845 896 4908 miae
916 4829 1015 4910 muno
1033 4837 1103 4911 pest
1123 4829 1234 4902 mmm,
1256 4827 1327 4890 doru
1347 4845 1480 4908 nequem
1507 4830 1680 4912 praesertim
1703 4847 1793 4911 quum
1814 4829 1921 4893 verbm
