4770 5994
1861 647 1893 720 ,7

295 839 448 928 tarem,
473 822 545 908 sed
573 849 712 908 meam
738 819 791 906 de
815 821 984 936 singulis
1011 813 1120 900 Livii
1145 814 1246 917 locis
1274 814 1515 898 sententiam
1540 840 1567 897 a
1592 811 1892 898 Weissenbor-

295 970 387 1076 nio‚
430 999 555 1090 quem
592 1001 646 1055 ex
682 967 919 1056 adversario
954 967 1138 1052 amicum
1173 987 1261 1043 esse
1296 957 1452 1044 factum
1490 959 1637 1062 laetor,
1674 959 1889 1072 aliquoties

294 1116 580 1233 impugnatam
615 1110 838 1198 defendere
874 1126 915 1196 et
949 1111 1101 1224 quibus
1137 1110 1181 1194 in
1216 1110 1317 1196 locis
1347 1104 1822 1223 Baumgarten-Crusius
1850 1123 1890 1194 et

294 1259 512 1348 Bekkenn
540 1261 682 1346 album
711 1275 874 1374 nostrae
902 1257 1125 1345 sententiae
1148 1258 1354 1370 calculum
1384 1257 1620 1362 adiecerint,
1647 1257 1773 1342 literis
1802 1256 1888 1346 BC.

296 1427 336 1496 et
361 1412 414 1496 B.
442 1409 671 1525 significare
698 1407 795 1492 satis
822 1406 964 1492 habui.
1021 1402 1239 1492 Praeterea
1275 1433 1391 1508 vero,
1423 1429 1680 1516 quamquam
1712 1429 1890 1516 magno-

293 1565 393 1672 p'ere
421 1553 607 1658 conlido,
640 1551 958 1639 Alschefskium·
980 1578 1145 1638 omnem
1174 1550 1400 1666 scripturae
1430 1547 1706 1635 diversitatem
1734 1527 1788 1633 ex
1817 1575 1891 1634 co-

143 1795 146 1800 .
296 1699 387 1786 dice
404 1698 715 1792 vindobonensi
737 1697 949 1816 diligenter
977 1710 1183 1782 enotatam
1213 1694 1256 1776 in
1284 1687 1743 1809 promptulhabere¹²),
1773 1721 1890 1778 earn·

292 1875 378 1957 que
405 1845 474 1940 ita·¹
484 1840 709 1957 aliquando
737 1871 825 1928 csse
850 1842 1131 1958 prolaturum,
1159 1857 1226 1944 ut,
1253 1840 1358 1952 quid
1384 1837 1536 1942 codici,
1566 1838 1668 1951 quid
1696 1835 1891 1953 Grynaeo

296 1989 506 2094 debeatur,
536 1989 685 2076 clarius
716 1989 968 2102 certiusque,
1005 2015 1135 2101 quam
1171 2013 1224 2068 ex
1251 1981 1434 2068 Bekkeri
1464 1979 1641 2066 editione
1668 1981 1796 2098 possit
1822 1982 1891 2066 in-

295 2137 432 2254 telligi,
458 2152 620 2242 tamen,
649 2163 702 2220 ne
731 2132 824 2247 quis
852 2149 993 2250 postea
1021 2131 1175 2218 codicis
1203 2131 1418 2218 collatione
1446 2158 1472 2215 a
1499 2127 1718 2248 Kopitario
1746 2129 1892 2216 conse-
1942 2185 1947 2196 ·

295 2299 380 2388 cta,
417 2293 546 2396 qu'arn
579 2280 828 2398 bibliopolae
863 2309 918 2364 ex
953 2295 1075 2394 pacto
1111 2295 1151 2386 et
1185 2293 1387 2365 convento
1424 2275 1608 2380 reddidi,
1636 2276 1681 2360 in
1709 2301 1892 2360 errorem

294 2427 573 2534 induceretur,
592 2456 867 2541 quaecunque
883 2423 1140 2540 Kopitarius,
1168 2425 1308 2512 codice
1330 2426 1480 2510 iterum
1508 2425 1704 2540 inspecto,
1727 2449 1893 2538 mecunp

294 2573 627 2679 communicavit,
656 2605 710 2658 ex
738 2571 913 2676 schedis,
942 2599 1052 2685 quae
1080 2599 1207 2686 penes
1235 2598 1304 2654 me
1332 2586 1440 2676 sunt,
1467 2568 1534 2652 bis
1562 2563 1894 2654 annotationibus

289 2723 462 2808 'inserui
519 2717 640 2826 Quae
677 2719 847 2834 quidem
887 2719 1026 2804 omnia
1056 2718 1091 2800 si
1125 2717 1234 2800 mihi
1264 2718 1321 2801 ita
1347 2715 1544 2834 perficere
1580 2717 1810 2831 contigerit,
1847 2729 1894 2796 ut

290 2865 436 2982 peritis
463 2889 542 2946 neo
569 2859 722 2946 saeculi
751 2855 954 2974 pravitate
990 2857 1191 2973 corruptis
1225 2860 1438 2944 literarum
1474 2859 1739 2972 antiquarum
1766 2863 1893 2952 aesti-

229 3106 236 3116 .
295 3007 523 3094 matoribus
559 3033 644 3090 non
681 3031 850 3120 prorsus
885 3001 1191 3117 improbentur,
1230 3021 1269 3090 et
1304 3005 1454 3117 aliquis
1481 3005 1625 3090 saltem
1647 3003 1811 3112 ‚fruuus
1838 3003 1892 3090 ad

295 3155 374 3242 bos
400 3151 509 3236 Livii
535 3151 799 3236 historiarum
828 3147 953 3232 libros
977 3142 1260 3232 emendandos
1288 3163 1412 3260 atque
1441 3145 1707 3262 explicandos
1734 3146 1892 3254 redun-

297 3300 380 3404 det,
407 3323 665 3411 magnopere,
685 3293 790 3378 mihi
817 3291 1073 3406 gratulabor,
1108 3318 1245 3403 neque
1272 3316 1341 3374 me
1369 3287 1507 3375 oleum
1531 3304 1570 3372 et
1597 3315 1765 3402 operam
1794 3317 1892 3406 per·

299 3445 451 3534 didisse
478 3442 734 3530 existimabo.
850 3439 852 3442 ’
