4770 5994
920 1410 1043 1534 LlB.
1076 1415 1236 1534 xttv.

354 1725 436 1817 Cup.
462 1729 490 1795 l.
522 1731 612 1820 quod
644 1733 678 1798 iu
710 1734 975 1824 supplementum
1006 1736 1173 1824 legionum
1206 1764 1319 1807 secum
1348 1744 1544 1811 traiecturus
1576 1747 1666 1834 erat]
1699 1751 1887 1820 Gronovius

268 1837 359 1930 quod
377 1837 663 1923 supplementum,
687 1839 977 1908 Drakenborclrius
1006 1854 1088 1938 quot
1120 1847 1155 1909 ira
1182 1845 1448 1934 supplementum
1478 1847 1579 1914 sotibi
1613 1851 1738 1921 mulsit.
1791 1857 1885 1928 Nihil

267 1940 459 2008 mutandum
492 1965 584 2028 esse,
617 1943 650 2010 io
674 1948 848 2010 Annotott.
882 1944 922 2010 ed
953 1945 1026 2014 Liv.
1049 1937 1222 2036 XXXlll,
1253 1951 1304 2018 ll.
1333 1978 1368 2041 p.
1391 1952 1446 2018 29.
1476 1953 1586 2020 docui.
1637 1959 1811 2028 Praeterea
1839 1965 1883 2032 cl'.

263 2035 457 2134 Elspergeri
480 2043 738 2112 Observationes
770 2046 811 2110 sd
841 2047 969 2136 aliquot
990 2046 1079 2118 Livii
1105 2054 1210 2121 locos.
1235 2053 1412 2144 llrlsogae,
1436 2055 1530 2125 182⁷.
1559 2084 1592 2149 p.
1615 2061 1666 2128 13.
1697 2065 1754 2131 ubi
1777 2069 1886 2157 agitor

268 2143 309 2213 de
333 2147 409 2214 Lis.
431 2141 569 2232 xxxi,
590 2149 624 2216 8.
648 2152 684 2215 id
698 2153 869 2238 praesidio
894 2151 1034 2222 Siciliae
1054 2162 1250 2247 provinciae
1273 2173 1371 2228 esset.
1417 2161 1457 2228 lu
1480 2165 1663 2255 scripturae
1687 2177 1883 2264 specimine,

265 2249 356 2338 quod
378 2247 534 2316 Pertsius
556 2251 590 2315 io
614 2251 875 2320 commentariisr
909 2253 1040 2322 Arellio
1069 2259 1131 2325 der
1163 2261 1389 2354 Gesellsclrull
1413 2266 1474 2355 litu
1504 2269 1610 2337 iiltere
1638 2277 1795 2348 deutsche
1820 2284 1885 2350 Ge·

188 2390 194 2399 ·
263 2349 513 2435 sebiclrtlruude,
536 2353 628 2420 Part.
654 2355 715 2421 lv.
741 2381 774 2445 p.
801 2357 877 2424 521.
901 2359 1064 2444 exbiboit,
1089 2363 1247 2429 traiectus
1267 2388 1329 2453 pro
1352 2370 1555 2438 traiecturus
1576 2371 1716 2464 legitur,-
1741 2381 1776 2447 id
1793 2384 1884 2474 quod

265 2455 460 2546 Ropitarius
482 2461 515 2522 in
539 2459 664 2527 codicis
686 2463 863 2529 collatione
885 2465 1119 2551 praetermisit.
1155 2502 1194 2516 -
1223 2467 1290 2532 dici
1319 2469 1418 2535 ouius
1448 2473 1602 2560 expedito
1631 2478 1771 2570 itinere]
1798 2485 1883 2556 Cod.

266 2559 336 2624 dies
359 2563 460 2627 unius
479 2565 633 2650 expedito
655 2567 721 2631 iter
742 2579 805 2649 est,
829 2567 933 2656 quod,
956 2569 1026 2634 dies
1048 2569 1081 2632 io
1099 2569 1168 2633 diei
1189 2580 1326 2652 mutato,
1341 2571 1468 2638 uredine
1490 2573 1631 2644 orationi
1651 2581 1884 2673 interpositum

261 2661 369 2729 laetus
392 2663 730 2754 lubensqoe'reeepi.
761 2669 836 2734 BC.
865 2672 910 2734 Β.
955 2669 1109 2734 SicLiv.
1134 2668 1254 2752 1X‚t.
1284 2675 1407 2739 Tridui
1434 2680 1500 2742 iter·
1518 2686 1693 2766 expeditis
1721 2705 1817 2778 erut,
1850 2710 1883 2765 ct

259 2764 375 2849 XLV,
397 2767 452 2832 28.
478 2771 514 2834 td
531 2771 601 2834 diei
621 2773 686 2834 itu·
705 2781 773 2851 eat,
798 2771 888 2858 qood
911 2785 944 2836 et
966 2770 1075 2858 ipsum
1098 2769 1225 2836 mediae
1247 2772 1389 2870 orationi
1409 2775 1642 2867 interponitor.
1693 2789 1882 2879 Grpoaeum

264 2871 390 2938 codicis
413 2873 596 2959 scripturas
619 2873 710 2939 l'aoili
730 2874 866 2960 negotio
889 2872 1112 2940 emendandae
1133 2871 1327 2940 lectionema
1359 2879 1429 2946 dies
1451 2886 1551 2952 uarius
1573 2894 1728 2978 eapeslim
1747 2885 1881 2986 itinere,

259 2999 348 3064 quae
368 2977 460 3042 nollo
484 2988 579 3065 pacto
600 2988 712 3066 potest
739 2977 889 3062 admitti,
913 2991 1036 3044 temere
1058 2973 1291 3062 substituisse,
1313 2977 1393 3048 licet
1413 2983 1500 3053 iutra
1523 3011 1597 3078 cap.
1620 2993 1675 3060 43.
1705 3003 1762 3066 viu
1784 3024 1881 3094 expe.

262 3079 347 3160 dits,
371 3091 404 3146 et
425 3079 540 3164 XLll,
563 3081 616 3146 55.
641 3083 707 3148 iter
726 3083 920 3169 capeditssm
942 3081 1090 3168 legatur,
1115 3081 1195 3148 sctis
1224 3083 1336 3152 mirari
1359 3109 1426 3154 nos
1447 3114 1597 3180 possum.
1642 3099 1796 3173 Ceterum
1821 3113 1881 3200 qui

261 3183 389 3270 primus
413 3184 503 3265 dies,
528 3184 618 3272 qood
642 3183 796 3250 mendum
819 3183 853 3248 io
877 3183 978 3252 Frob.
1001 3184 1034 3250 2.
1058 3188 1255 3274 repetitum,
1279 3192 1339 3259 sed
1359 3195 1395 3262 io
1414 3197 1514 3266 buius
1535 3200 1691 3272 editionis
1714 3207 1879 3302 exemplo,

261 3309 332 3374 quo
359 3298 454 3371 otor,
484 3287 526 3352 ab
546 3286 683 3376 sotiqos
706 3311 804 3354 msou
827 3289 992 3382 sublatum
1015 3299 1087 3372 est,
1110 3289 1145 3356 io
1174 3293 1258 3376 diei,
1290 3295 1380 3382 quod
1409 3297 1474 3364 ism
1501 3301 1536 3368 io
1560 3307 1613 3372 ed.
1635 3309 1824 3384 Amstelsd.
1846 3341 1878 3386 s.

265 3387 359 3452 1633.
381 3390 558 3475 reperitur,
582 3403 672 3456 recte
695 3392 888 3475 motaverit,
912 3391 1201 3460 llralrcslrorebius
1224 3409 1382 3464 aoootsrc
1401 3403 1560 3490 neglexit.
1584 3445 1626 3464 -··
1648 3416 1689 3480 sd
1711 3427 1878 3510 eoscum]

262 3489 347 3557 eod.
373 3493 577 3558 odiamctum.
623 3491 804 3558 Perisooio
824 3505 945 3560 cuncto
967 3495 1122 3562 militaris
1146 3499 1324 3586 disciplina
1345 3523 1407 3590 pro
1427 3507 1518 3573 omui
1539 3533 1660 3596 genere
1681 3519 1879 3613 discipliuae

263 3595 414 3662 militaris
434 3595 581 3684 positum
604 3594 746 3662 videtur.
775 3596 900 3661 Audio.
933 3595 1180 3666 Nihilominus
1203 3614 1310 3670 tumeo
1333 3605 1467 3675 Livium
1490 3613 1537 3678 od
1557 3617 1679 3686 iustum
1700 3628 1880 3699 militarem

263 3697 493 3788 disciplinam,
523 3722 607 3787 quae
631 3697 757 3788 effusos
780 3697 935 3764 licentiae
962 3700 1163 3787 opponitur,
1195 3705 1372 3794 scripsisse
1395 3712 1559 3802 suspicor.
1616 3721 1776 3793 Similiter
1801 3731 1875 3802 Lis.

262 3797 397 3886 XXlV,
423 3800 477 3866 18.
501 3801 660 3866 ordinata
684 3802 861 3890 disciplina
885 3814 918 3868 ct
941 3804 1028 3870 iustu
1050 3804 1212 3873 militaria
1236 3809 1402 3880 dicuutur.

346 3955 431 4045 Cap.
456 3955 502 4020 ll.
526 3953 707 4043 extemplo]
737 3955 813 4021 lloe
836 3954 1031 4023 vocobulum
1055 3959 1088 4025 io
1110 3975 1249 4054 utraque
1271 3966 1431 4036 Crevierii
1452 3975 1598 4046 editione
1621 3985 1780 4056 omissum
1802 3993 1878 4062 Lol.

260 4063 432 4130 lomsodus
456 4085 523 4128 ooo
545 4062 702 4128 restituit.
735 4097 770 4114 ·-
803 4083 941 4150 perpere
965 4063 1064 4152 iude]
1090 4067 1174 4134 Cod.
1198 4073 1277 4138 iude
1293 4097 1435 4166 peregre
1456 4081 1545 4149 iude.
1589 4083 1708 4176 tuque
1730 4093 1876 4184 dubites,

259 4177 369 4232 utrum
395 4167 565 4253 uulgatum
590 4166 822 4251 reticendum,
855 4191 898 4234 so
927 4173 1007 4236 inde
1033 4195 1178 4266 perpere
1207 4178 1419 4246 scribeotlum
1450 4183 1505 4250 sit.
1558 4186 1635 4254 lloc
1664 4200 1874 4281 praetulerim

258 4283 452 4361 propterca,
484 4272 574 4359 quod
596 4273 695 4338 verbs
718 4277 753 4338 iu
772 4278 1029 4362 Macedonium,
1059 4303 1145 4369 quae
1173 4295 1377 4368 sequuntur,
1409 4283 1506 4353 tuelle
1534 4289 1661 4361 efficere
1683 4313 1872 4392 potueruut,

258 4384 297 4438 ot
316 4372 472 4439 librarius
494 4375 688 4442 vocobulum
713 4379 791 4443 iude
811 4394 988 4468 repeteret.

343 4524 427 4613 Cap.
450 4515 513 4590 lll.
538 4525 777 4618 Octoloplrum]
802 4530 887 4598 cod.
909 4529 1121 4622 octtolobum,
1146 4538 1240 4605 litora
1263 4566 1281 4608 c
1302 4557 1426 4634 puncto
1447 4551 1704 4642 superimposito
1726 4559 1872 4650 inducta,

256 4617 357 4694 ltrot.
386 4624 413 4693 l.
437 4641 469 4696 ct
491 4631 524 4694 2.
553 4631 770 4720 Octolopum,
805 4636 858 4702 cui
883 4637 1041 4706 Gelenius
1061 4641 1196 4725 xxxi,
1220 4638 1273 4707 36.
1299 4658 1330 4711 ct
1352 4646 1406 4711 lo.
1434 4648 1871 4743 Octolopltumsubstituit.

255 4722 326 4796 lios
350 4741 438 4797 certa
470 4731 658 4797 coniectura
691 4735 802 4818 ducti,
833 4761 934 4826 quum
959 4735 1169 4832 llcusiogoro
1201 4769 1334 4838 quoque
1363 4751 1449 4818 idem
1479 4756 1680 4850 placuisset,
1711 4767 1745 4834 io
1773 4772 1873 4839 altera

258 4829 347 4900 Livii
377 4835 523 4902 editione
554 4836 678 4927 ubique
710 4839 953 4930 Ortlrolopltum
989 4846 1137 4912 scribere
1175 4871 1240 4914 nou
1272 4851 1515 4944 dubitavimus,
1551 4871 1743 4951 praesertim

1604 4973 1665 5040 10·

1772 4897 1874 4962 quum
1906 4921 1911 4936 ·
2022 4923 2025 4930 ι
