4770 5994
475 647 527 724 ΙΙ

475 809 530 895 ti,
554 807 606 876 18.
631 805 803 876 citatarum
827 805 955 874 diversa
979 819 1031 874 cst
1052 807 1150 874 ratio.
1197 805 1366 874 Beiiseras
1395 807 1500 897 igitur
1529 831 1595 904 pua
1622 813 1732 878 missen
1753 811 1823 878 iure
1845 811 2029 904 meritoque
2048 835 2100 880 re·

475 916 617 984 vocavit.
642 951 681 962 -
706 915 741 980 in
763 925 840 980 ante
860 913 932 980 dies
954 925 1104 981 octavum
1128 925 1163 980 et
1185 915 1361 1004 septimum
1381 911 1548 978 iiaieodas
1572 913 1750 998 Octobres]
1776 915 1860 982 Cod.
1884 920 1921 984 in
1940 925 2020 984 ante
2043 919 2099 986 dis

474 1045 549 1090 uass.
573 1031 607 1088 et
627 1045 688 1086 uss.
713 1017 780 1084 isai.
802 1027 867 1084 aet.
913 1015 1056 1084 Dubites
1086 1016 1205 1104 igitur,
1236 1031 1343 1084 utrum
1375 1017 1463 1100 dies,
1492 1039 1534 1082 aa
1557 1017 1644 1083 diem
1666 1017 1804 1086 scribae.
1837 1019 1918 1086 vid.
1949 1041 2035 1110 quae
2056 1016 2099 1088 ad

473 1124 585 1207 XLV,
609 1124 640 1189 3.
665 1119 831 1188 annotavi.
855 1157 899 1170 -
922 1117 956 1184 iu
976 1117 1095 1185 atrium
1117 1119 1296 1186 Libertatis
1317 1119 1584 1206 adscenderunt]
1609 1119 1695 1186 cot.
1716 1125 1753 1188 iss
1776 1129 1902 1190 atrium
1924 1123 2098 1192 iibertatet

473 1229 686 1295 scenderunt.
732 1223 865 1290 Livium
889 1223 941 1288 iric
965 1246 1100 1312 quoque
1124 1226 1348 1292 escenderunt
1369 1222 1566 1312 scripsisse,
1598 1245 1639 1288 ex
1663 1223 1837 1314 depravata
1867 1227 1994 1294 codicis
2017 1225 2097 1294 scri·

474 1339 568 1418 ptora
590 1327 801 1415 intelligitur.
823 1325 898 1394 Bc.
924 1329 967 1392 B.

560 1462 642 1552 Cap.
667 1461 782 1530 xvtl.
804 1473 840 1528 ut
859 1485 1028 1528 numerum
1051 1459 1242 1528 colonorum
1264 1455 1413 1546 augeret]
1438 1455 1489 1522 Ex
1512 1455 1674 1524 Gronovii
1697 1457 1926 1526 emendatione
1954 1457 2095 1549 scripsit

475 1578 514 1634 ut
535 1591 694 1634 numerus
717 1566 910 1634 coionormn
930 1575 1125 1656 asperetur.
1149 1563 1223 1632 BC·
1248 1563 1291 1628 Β.
1337 1557 1498 1626 Similiter
1512 1559 1586 1626 Liv.
1604 1561 1758 1647 XXXil,
1775 1561 1807 1628 2.
1825 1587 1866 1628 ex
1886 1563 1960 1628 cod.
1979 1563 2095 1630 Bamis.

474 1681 575 1760 atque
588 1670 690 1736 Frob.
715 1671 744 1733 Ι.
770 1681 803 1736 et
821 1669 853 1733 2.
878 1669 1027 1734 restitui:
1051 1678 1091 1732 nt
1112 1667 1304 1732 salassorum
1325 1685 1486 1729 scameras
1507 1673 1702 1753 superetur,
1720 1690 1780 1756 pro
1804 1679 1991 1757 caperetur,
2006 1665 2097 1756 quod

475 1775 554 1841 ferri
577 1798 642 1840 ooo
662 1785 782 1863 potest.
797 1772 964 1859 -Argis]
989 1770 1132 1836 Ursinus
1155 1771 1232 1836 soii.
1256 1767 1375 1856 Polyb.
1399 1765 1570 1850 xxvtn,
1592 1765 1626 1848 3,
1649 1768 1699 1832 ΙΙΙ.
1725 1781 1758 1833 et
1777 1769 1853 1836 Lis.
1871 1769 2023 1855 XXXV,
2041 1767 2095 1836 48.

475 1905 543 1950 son
564 1883 683 1972 Arpis,
706 1879 764 1945 sed
785 1879 901 1968 Aepii,
925 1875 1015 1964 quod
1038 1875 1163 1964 recepi,
1184 1869 1392 1939 scribendum
1416 1891 1490 1936 esse
1512 1868 1653 1936 censuit.
1677 1871 1753 1937 BC.

561 2016 644 2104 Cap.
670 2011 804 2079 XViil.
837 2009 1002 2096 subesset]
1034 2007 1119 2073 Cod.
1153 2007 1287 2073 adisset.
1319 2003 1432 2070 Malim
1463 2002 1565 2092 igitur
1595 2006 1737 2088 adesset,
1770 2005 1802 2071 id
1836 2017 1886 2072 est
1916 2009 2101 2074 immineret

476 2120 547 2185 sive
570 2121 720 2184 instaret.
746 2114 818 2180 Lie.
843 2113 889 2195 ΙΙ,
912 2111 965 2178 29.
991 2113 1088 2178 adest
1110 2113 1227 2204 inpane
1249 2109 1381 2190 seditio,
1403 2129 1476 2196 cap.
1500 2107 1553 2172 55.
1579 2107 1842 2202 apparebatque,
1862 2133 1958 2176 amne
1980 2113 2099 2178 discri-

383 2264 397 2294 .
475 2245 552 2288 men
572 2221 700 2300 adesse,
725 2231 758 2282 ct
780 2216 845 2296 ΙΙΙ,
871 2213 921 2279 ΙΙΙ.
944 2218 1059 2304 inpcns
1080 2217 1200 2280 oderat
1222 2225 1402 2278 certannn.
1428 2245 1467 2262 -
1492 2233 1509 2274 a
1533 2209 1707 2298 Romanis]
1736 2213 1821 2278 cst.
1853 2215 1895 2280 ab
1925 2217 2097 2298 Romanis,

477 2322 568 2414 quad
588 2349 647 2389 cur
669 2317 840 2408 Grpnae'os
864 2319 1111 2407 improbaverit,
1134 2341 1201 2382 non
1223 2315 1332 2382 video.
1355 2313 1430 2380 BC.
1456 2315 1500 2380 Β.
1519 2311 1557 2364 ’-
1579 2313 1752 2381 Dardanos
1775 2339 1890 2383 recens
1915 2319 2100 2386 domuisset

475 2429 581 2514 belia]
603 2425 687 2492 Cod.
717 2425 777 2492 sed
805 2423 938 2490 betium.
991 2423 1153 2490 Voculam
1181 2423 1306 2489 seder
1334 2417 1544 2508 praecedenti
1573 2419 1755 2486 domuisset
1784 2419 1956 2488 subortam
1986 2423 2097 2507 omisi,

479 2531 600 2598 beiissm
630 2553 691 2618 pro
725 2529 811 2594 beiio
841 2527 989 2616 reposui.
1016 2527 1090 2594 BC.
1119 2529 1163 2594 Β.
1208 2525 1347 2591 Tacitus
1369 2521 1503 2611 quidem
1528 2521 1617 2588 Hist.
1643 2523 1688 2607 ΙΙ,
1713 2523 1764 2589 ΙΙΙ.
1796 2526 1949 2615 scripsits
1981 2549 2101 2594 recesst

478 2643 680 2701 certauerant
697 2642 825 2719 patres,
848 2643 889 2696 nt
908 2640 1141 2695 accusatorum
1165 2650 1288 2695 carnae
1304 2639 1539 2712 nascerentur,
1562 2625 1621 2691 sed
1643 2627 1759 2694 Livius
1783 2629 1827 2694 ita
1847 2653 1913 2694 noa
1936 2629 2099 2718 loquitur.

476 2737 557 2804 vid.
581 2735 829 2802 Drakenborch.
853 2731 906 2797 ad.
931 2731 1005 2796 Lis.
1030 2731 1076 2814 ΙΙ,
1094 2731 1148 2813 22,
1168 2733 1200 2795 Ι.
1247 2727 1534 2815 Quemadmodum
1557 2742 1666 2796 autem
1689 2733 1754 2798 laoc
1773 2733 1848 2798 ioco
1871 2731 1992 2800 delium
2007 2737 2099 2798 Dar-

477 2847 581 2911 danos
605 2843 782 2922 domuisse,
806 2839 851 2902 ita
876 2837 945 2902 iere
967 2837 1085 2918 XXV,
1109 2837 1163 2900 38.
1184 2839 1312 2902 eiamor
1334 2837 1368 2901 in
1390 2840 1498 2923 portis
1518 2837 1657 2901 auditus
1680 2847 1714 2900 et
1730 2840 1859 2923 primns
1884 2841 2023 2926 impetus
2046 2861 2100 2902 ea·

476 2960 549 3016 stra
573 2969 707 3030 capere,
730 2955 763 3007 et
784 2965 855 3029 cap.
880 2941 931 3004 tl.
951 2943 1080 3029 primus
1104 2940 1230 3006 elamor
1253 2951 1354 3037 atque
1375 2944 1518 3027 impetus
1539 2963 1610 3004 rem
1631 2941 1817 3007 decrevisse
1842 2942 1973 3008 dieitur.
1992 2981 2031 2992 -
2054 2943 2099 3008 ie-

477 3051 566 3118 rium
599 3045 813 3130 armatorum]
845 3043 949 3108 immo
980 3067 1171 3125 armorum,
1203 3042 1294 3132 quod
1324 3045 1388 3108 ism
1414 3042 1596 3132 Rupertius
1623 3066 1663 3108 ex
1685 3041 1847 3110 Gronovii
1871 3047 2100 3114 emendatione

477 3151 612 3241 recepit.
635 3149 710 3216 BC.
734 3150 925 3215 B.-nuoc
947 3147 1186 3235 praefectorum
1211 3145 1382 3238 praesidii]
1407 3145 1490 3210 Cod.
1514 3148 1546 3210 si
1567 3169 1656 3212 nnnc
1672 3145 1918 3234 praefectorum
1934 3151 2097 3234 praesidi.

476 3255 645 3323 Particula
667 3257 698 3319 si
720 3251 806 3317 uude
828 3251 873 3316 eit
893 3251 996 3336 iiiata,
1019 3273 1085 3316 non
1109 3249 1216 3316 video.
1243 3288 1282 3305 -
1305 3273 1382 3337 pars
1403 3248 1508 3314 scaias
1533 3247 1649 3332 moris,
1665 3251 1775 3335 ignem
1795 3251 1900 3337 portis
1924 3251 2099 3338 inicarent]

477 3355 687 3425 Gronovioss
715 3353 914 3442 „Suspicor,
931 3354 1054 3443 inquit,
1078 3354 1195 3436 inisse,
1212 3353 1273 3416 aiii
1294 3350 1371 3415 aliis
1391 3351 1604 3416 succedentes
1625 3349 1736 3418 scaias
1755 3355 1874 3434 rnu'ris,
1889 3379 1972 3442 pars
1989 3357 2100 3448 ipnem

475 3466 583 3552 portis
605 3460 816 3548 inferrent.“
847 3457 961 3524 Malim
984 3455 1158 3545 equidemz
1181 3477 1263 3544 pars
1285 3453 1395 3520 saaias
1417 3457 1536 3538 muris,
1558 3479 1642 3544 pars
1659 3458 1768 3545 ipnem
1786 3461 1894 3544 portis
1916 3455 2097 3546 inferrent.

562 3597 645 3686 Cap.
666 3595 765 3662 xix.
789 3593 846 3660 Aa
870 3593 1038 3659 anneum
1062 3602 1256 3678 perventum
1278 3588 1342 3675 cst]
1360 3588 1444 3656 Cod.
1469 3592 1740 3676 aeideaacneum,
1754 3594 1859 3662 literis
1882 3599 1915 3662 ei
1938 3597 2098 3683 inductis,

478 3715 514 3769 ιιι
537 3703 583 3768 ad
601 3723 782 3766 eoaeaeum
802 3696 979 3782 legeretur.
1025 3691 1070 3760 Et
1092 3715 1190 3782 supra
1211 3713 1345 3781 quoque
1368 3696 1415 3760 ad
1438 3719 1594 3762 coerceam
1616 3697 1650 3762 ia
1671 3699 1785 3764 codiee
1807 3701 1982 3789 reperitur.
2032 3703 2100 3768 Du·

476 3805 577 3870 herus
596 3826 664 3868 eon
685 3802 771 3866 mate
790 3798 952 3866 coniecit=
975 3798 1065 3864 lade
1085 3799 1131 3864 ad
1149 3799 1321 3864 anneum
1339 3813 1537 3890 peremtum
1560 3813 1621 3868 est.
1639 3837 1677 3852 -·
1697 3805 1864 3892 Aputaunr
1882 3803 2100 3872 Macedonem

413 3963 416 3970 .
477 3933 498 3976 a
517 3908 656 3985 Beroea]
680 3905 765 3972 cos.
790 3913 946 3992 aputeum
969 3905 1182 3971 macedonem
1203 3901 1408 3971 abeuroea.
1441 3905 1610 3972 uatem
1631 3905 1665 3972 ia
1686 3907 1847 3972 enatando
1872 3908 1998 3974 codicis
2020 3908 2099 3974 soris

476 4023 573 4101 ptura
594 4008 706 4078 omisit
726 4007 955 4088 macedonem,
978 4006 1067 4094 quod
1091 4005 1129 4070 in
1148 4006 1264 4073 codice
1286 4031 1352 4074 ooa
1374 4009 1591 4076 desideratur.
1638 4007 1782 4076 Ursinus
1806 4023 1839 4076 et
1857 4010 2013 4078 Valesius
2036 4035 2099 4100 pro

476 4118 650 4204 Aputessm
672 4137 714 4180 ex
736 4112 856 4200 Polyb.
883 4111 1052 4194 xxvln,
1084 4112 1117 4178 8.
1151 4126 1240 4180 recte
1260 4116 1419 4181 Actaeam
1443 4111 1670 4180 restituerant.
1694 4113 1769 4179 BC.
1793 4115 1845 4180 B?
1889 4111 1976 4180 Nam
2005 4111 2100 4184 voea-

477 4219 591 4286 buiosn
613 4229 711 4305 apat,
735 4215 826 4305 quod
850 4215 1040 4303 praeeedit,
1067 4225 1105 4280 ut
1131 4213 1289 4284 librarius
1318 4227 1402 4306 aput
1429 4239 1588 4306 cumpro
1616 4217 1735 4284 adeum
1760 4215 1831 4282 sire
1853 4217 1997 4286 aduenas
2019 4219 2099 4286 scri·

477 4323 583 4405 iteret,
610 4321 761 4388 effecisse
783 4320 923 4386 videtur.
1009 4393 1017 4406 Ι

563 4441 647 4532 Cap.
671 4441 753 4508 XX.
779 4442 820 4508 de
841 4441 1028 4529 industria]
1056 4443 1140 4512 Cod.
1170 4467 1233 4532 per
1262 4443 1441 4508 industria.
1495 4440 1584 4507 Care
1612 4451 1719 4504 tamen
1752 4438 1941 4524 existimes,
1965 4439 2098 4506 Lirinus

477 4549 694 4630 Patariuom,
719 4571 820 4636 qoam
842 4546 953 4612 Piaat.
978 4546 1055 4612 Cas.
1082 4547 1145 4631 tv,
1168 4547 1201 4629 3,
1221 4545 1254 4610 6.
1286 4546 1385 4636 qnasi
1415 4547 1456 4612 ot
1487 4545 1691 4610 industriam
1720 4541 1870 4632 legatae,
1898 4543 2097 4610 insolentius

475 4677 539 4742 per
561 4655 762 4719 industriam
785 4651 977 4741 scripsisse.
1025 4649 1154 4718 Etenim
1178 4652 1294 4718 vocula
1312 4673 1374 4740 per
1397 4673 1437 4716 cx
1460 4649 1515 4734 iis,
1539 4673 1624 4738 quaa
1644 4649 1864 4730 antecedunt,
1889 4638 1954 4715 irae
1975 4660 2097 4716 temere
2198 4715 2207 4730 ‚

477 4753 583 4823 delata
604 4766 666 4821 est.
700 4791 747 4806 -
775 4777 839 4844 qua
869 4775 934 4819 eoa
964 4749 1121 4816 barbarus
1153 4749 1251 4838 inops
1279 4749 1396 4835 ispciii
1418 4751 1604 4820 adbellare
1626 4758 1776 4843 poterat]
1800 4737 1883 4819 0οΙ.
1909 4775 1977 4846 qua
2002 4755 2096 4822 uada
2154 4782 2169 4806 ·
