4814 5970
476 709 550 783 ll2

474 871 646 966 praesidia
669 863 834 932 deducere
856 871 920 924 ete.
967 857 1035 921 lum
1052 855 1256 940 Deeringios
1271 852 1557 934 Drakenborcbim
1580 851 1636 940 qui
1655 852 1843 942 praefectos
1867 853 1900 916 in
1922 853 2099 939 praestat.

476 977 530 1047 vel
550 970 796 1066 praesidiurlos
820 961 1011 1029 mutandum
1036 981 1110 1024 esse
1137 957 1291 1041 coniecit,
1314 969 1402 1023 reete
1425 957 1616 1020 adserentes
1637 954 1832 1020 vocobulum
1851 955 2029 1043 praesidio.
2043 955 2098 1021 rel

477 1084 598 1149 milites
622 1073 786 1142 excidisse
809 1065 995 1155 suspicatus
1016 1073 1077 1127 est.
1100 1097 1140 1110 -
1161 1061 1328 1154 nunciato,
1351 1063 1451 1146 quoe]
1477 1058 1660 1122 Verborum
1685 1057 1985 1146 interpunctionem
2007 1067 2099 1124 reete

478 1181 618 1253 mutavit
642 1175 815 1244 Ernestius
837 1171 870 1234 in
894 1168 1006 1232 Gloss.
1030 1164 1105 1228 Lir.
1130 1187 1157 1228 s.
1182 1169 1213 1226 s.
1236 1166 1410 1231 nunciare.
1434 1201 1477 1213 -
1497 1161 1725 1246 Theodotum]
1747 1159 2095 1242 munditenentem,

480 1289 571 1384 quod
594 1306 712 1351 nomen
738 1276 877 1343 Ursinus
898 1297 938 1336 ex
958 1270 1078 1357 Polyb.
1100 1266 1218 1349 XXX,
1241 1267 1272 1330 5.
1295 1265 1451 1331 restituit.
1475 1263 1551 1330 ΒΟ.
1575 1263 1618 1328 Β.
1644 1296 1684 1312 -·
1715 1260 1818 1327 maior
1839 1261 1984 1349 repulsis
2008 1262 2098 1348 igno-

479 1393 582 1462 minio
615 1385 723 1466 essct]
758 1375 844 1443 Cod.
872 1376 1002 1438 meiero
1021 1369 1121 1458 pulsu
1149 1371 1177 1433 is
1208 1371 1342 1432 reomine
1372 1380 1468 1435 esset.
1515 1366 1566 1431 Ex
1588 1366 1762 1453 depravetr
1786 1361 1910 1429 codicis
1935 1365 2098 1452 scriptore

480 1493 690 1584 integriorem
714 1483 784 1549 crui
806 1479 1001 1546 lectionem:
1026 1475 1135 1538 maior
1157 1495 1178 1535 u
1200 1471 1334 1557 repulsu
1354 1473 1537 1559 ignominie
1560 1480 1658 1534 esset.
1681 1469 1725 1534 Β.
1771 1465 1877 1534 Multo
1901 1477 2009 1533 autent
2035 1467 2098 1531 ele·

455 1615 458 1636 '
480 1603 613 1696 ganllus
627 1593 747 1658 (bellur
762 1585 942 1677 ἶφῑῡῑηῐηὶα
963 1605 984 1642 u
1002 1577 1149 1666 repulsu,
1167 1599 1264 1663 quom
1281 1575 1437 1670 repulsae
1454 1575 1648 1662 ipreomiuiu.
1674 1571 1754 1636 Vid.
1774 1571 1896 1636 llundii
1911 1569 2095 1636 Tursellin.

478 1709 560 1776 Vol.
585 1703 613 1769 Ι.
645 1725 680 1788 p.
705 1695 757 1762 32.
788 1715 875 1792 sqq.¹
920 1687 969 1752 Eo
1000 1684 1131 1771 aegrius
1163 1683 1246 1762 l'ero,
1274 1676 1447 1741 lectionem
1475 1701 1492 1738 s
1522 1699 1573 1740 me
1602 1675 1787 1740 restitutum
1816 1699 1833 1737 u
1865 1674 2098 1760 Brumporteu·

480 1810 600 1882 Crusio
625 1825 740 1872 rursus
767 1793 907 1861 boneio
932 1790 1064 1855 modum
1088 1811 1162 1852 csse
1184 1792 1389 1870 corruptum:
1421 1783 1530 1844 maior
1563 1803 1583 1842 n
1615 1779 1756 1873 repulsis
1786 1778 1967 1866 ipnorniniu
1998 1785 2097 1851 esset,

480 1916 577 2010 qussi
600 1910 777 1996 vulgatum,
791 1895 1038 1989 praepositione
1059 1893 1198 1974 adiecto,
1222 1885 1419 1976 ineptiorem
1441 1881 1672 1948 reddidissem.
1691 1917 1730 1928 *—
1752 1873 2098 1964 abscinderent]‘Cod.

481 2035 516 2090 et
536 2017 638 2086 Frob.
665 2013 698 2076 l.
721 2005 951 2082 absciderent,
980 1997 1070 2087 quod
1094 1995 1158 2060 ism
1186 2002 1261 2058 onte
1284 1987 1468 2052 Bellienum
1493 1986 1527 2049 in
1551 1985 1652 2050 altero
1675 1984 1764 2048 Livii
1787 1983 1930 2048 editione
1953 1978 2096 2046 restitui.

480 2127 538 2193 Sic
563 2118 679 2186 Livius
709 2110 789 2176 olibi
818 2129 911 2192 spem
945 2103 1095 2167 incidere
1125 2110 1158 2162 et
1185 2113 1278 2184 spem
1306 2095 1502 2182 praecidere
1532 2091 1627 2156 dixit.
1657 2091 1710 2157 Cl.
1737 2089 1857 2174 Febri,
1888 2088 1946 2177 qui
1970 2107 2098 2152 merum

480 2228 574 2312 sflsslb
599 2223 639 2288 ³¹¹¹
664 2206 972 2292 Ltv.xx1v,so.
1004 2241 1045 2258 -
1077 2203 1106 2270 si
1134 2205 1186 2269 eui
1211 2224 1296 2290 opus
1319 2201 1428 2280 essct]
1453 2195 1536 2264 Cod.
1564 2198 1595 2260 si
1616 2196 1708 2284 quod
1729 2195 1764 2258 id
1787 2217 1870 2281 opus
1892 2202 1988 2257 esset.
2036 2187 2098 2253 llic

481 2353 616 2426 quoque
639 2335 676 2390 ut
704 2316 833 2395 XMV,
855 2313 908 2377 34.
940 2309 1039 2376 dubie
1063 2319 1114 2373 est
1136 2319 1169 2374 et
1192 2307 1316 2372 incerto
1339 2303 1463 2369 codicis
1485 2302 1662 2389 scripture.
1708 2297 1813 2364 Malui
1835 2310 1942 2363 tomen
1964 2295 2098 2384 vulgsto

480 2435 615 2534 siquid
637 2449 719 2518 opus
742 2432 827 2489 esset
848 2415 1061 2484 substituere.
1086 2413 1161 2478 Bc.
1206 2411 1376 2476 Bebbcrus
1399 2411 1430 2473 si
1451 2431 1515 2503 quo
1540 2427 1619 2494 opus
1642 2415 1730 2469 esset
1753 2401 1868 2467 edidit.
1893 2439 1930 2452 -
1955 2399 2098 2464 Alaban.

479 2535 675 2625 denosque]
697 2528 806 2594 Totus
828 2522 922 2588 locus
945 2518 978 2584 in
1003 2517 1119 2584 codiee
1141 2517 1284 2602 scriptus
1308 2525 1358 2579 est
1382 2514 1467 2576 bunc
1491 2510 1526 2576 in
1543 2507 1697 2589 moduine
1729 2517 1763 2572 et
1790 2507 2003 2594 mylasrerrsis
2017 2503 2098 2569 ἀι...

482 2641 694 2730 duodenique
717 2637 777 2728 pui
795 2624 1049 2692 olubuudesium
1069 2619 1355 2685 eurooemeusium
1375 2613 1554 2705 prouinciri
1581 2613 1771 2700 ademptum
1798 2610 1843 2674 od
1871 2611 1934 2697 ipsi
1962 2601 2098 2674 ernian.

483 2759 552 2815 ctos
574 2741 725 2810 exercitu
746 2738 936 2810 uenerunt,
962 2723 1075 2790 ultimo
1104 2719 1258 2788 vocabuli
1288 2721 1480 2786 coniunctus
1509 2715 1604 2780 litera
1636 2712 1783 2778 inducto.
1835 2709 1962 2776 Vereor
1985 2710 2097 2798 igitur,

481 2863 519 2918 ul
541 2845 712 2914 Bebkerut
732 2831 1057 2921 Alabandenospue,
1078 2848 1162 2914 quoe
1185 2821 1289 2888 rarior
1311 2843 1391 2886 saue
1412 2818 1556 2884 nominis
1579 2818 1683 2882 lormo
1705 2827 1768 2900 est,
1788 2827 1878 2883 recte
1899 2815 1932 2879 in
1949 2814 2098 2880 Alaban-

482 2963 667 3043 dentesque
686 2935 872 3008 mutaverit.

564 3053 652 3157 ὨΨ
677 3055 811 3130 XXVI.
838 3051 901 3116 slis
924 3048 1050 3114 Rome
1071 3047 1244 3134 geruntur]
1270 3044 1355 3112 Cod.
1379 3045 1448 3111 eliu
1470 3065 1585 3110 romae
1615 3046 1651 3106 iu
1678 3044 1752 3108 osio
1778 3052 1954 3132 perunteuu
1988 3040 2100 3106 Verba

483 3180 519 3246 in
538 3175 627 3242 Asin
648 3165 790 3256 primum
814 3151 975 3222 vocabulo
997 3151 1045 3216 ibi
1068 3150 1102 3214 in
1132 3147 1281 3234 margine
1316 3149 1482 3236 adscripto
1512 3146 1632 3214 deinde
1662 3144 1697 3208 io
1729 3143 1886 3210 orationis
1910 3153 2098 3208 contextum
2145 3175 2153 3186 ·

482 3277 662 3367 irrepsisse
685 3266 851 3333 videntur.
866 3295 907 3308 --
930 3279 1005 3322 eom
1027 3252 1158 3339 reliquo
1182 3248 1344 3330 exercito]
1367 3250 1451 3315 Cod.
1476 3250 1628 3343 reliquae
1650 3249 1848 3326 exercituin,
1872 3245 1993 3312 omisso
2009 3268 2100 3333 prae.

484 3380 664 3475 positione,
687 3389 784 3458 quum
807 3361 979 3449 Gryoueus
1003 3355 1142 3420 eddidit.
1184 3351 1584 3439 Numreete5quecritur.
1614 3345 1944 3412 Vid.Aonotutt.od
1960 3346 2097 3414 Ssllnst.

476 3487 576 3555 'llist
601 3477 676 3544 Lib.
701 3470 764 3538 lll.
786 3467 985 3553 Fragments
1008 3483 1041 3548 p.
1063 3456 1118 3522 92.
1164 3453 1282 3540 Neque
1303 3462 1408 3520 temen
1430 3477 1535 3542 nepo,
1568 3451 1716 3520 roeulsm
1748 3473 1823 3518 curn
1853 3471 1872 3512 n
1901 3449 2034 3514 nomino
2054 3453 2101 3516 in·

485 3593 589 3681 lyrico
618 3582 687 3647 sive
709 3572 868 3662 Illyrico,
898 3565 988 3655 quod
1011 3559 1199 3652 praecedit,
1231 3557 1381 3646 potuisse
1410 3555 1592 3622 absorberi.
1622 3589 1664 3604 -··
1697 3551 2004 3640 toto'multitudiue
2027 3579 2100 3620 eum

485 3671 599 3762 infulis
623 3683 753 3751 obviem
777 3671 900 3755 sll'uss]
933 3667 1016 3733 Cod.
1048 3675 1096 3730 rot
1116 3667 1263 3732 eutitium
1285 3655 1622 3732 nndlitudincm'curu
1645 3667 1679 3727 in
1700 3663 1801 3752 furiis
1822 3663 1956 3726 obuium
1978 3663 2097 3750 effusa.

486 3799 573 3868 Vide
594 3790 709 3878 igitur,
732 3803 825 3859 num,
848 3795 950 3862 quum
974 3781 1020 3835 tot
1042 3769 1210 3834 lromiruuu
1232 3769 1443 3836 multitudine
1465 3766 1625 3832 orationis
1647 3775 1820 3832 contextus
1846 3775 1998 3851 respuet,
2020 3766 2100 3832 seri.

476 3901 629 3970 'bendum
651 3891 714 3956 site
738 3891 809 3948 tota
832 3876 1076 3964 oppidanorum
1096 3870 1320 3937 nercltitudine.
1365 3873 1434 3938 Sed
1456 3872 1519 3936 boe
1540 3891 1674 3958 quoquc
1697 3867 1870 3956 displicet,
1894 3891 1994 3958 quum
2016 3870 2100 3938 mul·

486 4007 592 4078 titudo
616 3996 695 4064 olibi
717 4015 735 4054 o
756 3983 852 4053 Livio
874 3979 1015 4068 eliisque
1036 3977 1256 4064 scriptoribus
1280 3975 1475 4064 simpliciter
1496 3995 1557 4061 pro
1579 3973 1672 4039 urbis
1692 3971 1809 4038 incolis
1830 3970 1901 4038 sive
1922 3975 2101 4060 oppidum·

485 4135 561 4179 rum
584 4102 859 4184 turbuponrtur.
881 4083 998 4148 -bie
1020 4081 1187 4170 praesidio
1210 4077 1370 4168 inposito]
1396 4076 1550 4142 Doberos
1578 4085 1667 4140 recte
1694 4073 1828 4140 meluitr
1860 4073 1949 4157 binc,
1974 4083 2102 4164 proesi-

487 4219 541 4283 dio
565 4211 727 4297 imposito,
750 4195 839 4288 quod
861 4190 986 4278 recepi.
1011 4187 1085 4253 ΒΟ.
1109 4189 1152 4254 Β.
1172 4223 1216 4237 -
1236 4183 1331 4250 euius
1354 4181 1507 4246 omnibus
1529 4179 1678 4268 oppidis]
1701 4178 1803 4243 Frob.
1824 4177 1858 4244 2.
1887 4181 1982 4245 euius
2012 4186 2102 4269 oppi-

488 4321 551 4398 dis,
572 4305 732 4378 vocabulo
755 4299 905 4368 emrn'bns
927 4308 1047 4359 temere
1071 4290 1206 4354 omisso.
1236 4284 1526 4353 Drakenborclrius
1547 4293 1644 4349 tacet.
1663 4317 1702 4360 —7
1723 4280 1864 4347 civitatis
1879 4283 2102 4351 secessionem

488 4416 612 4498 licitis]
627 4409 712 4476 Cod.
730 4407 882 4471 ciuitates
907 4399 1129 4463 accessionem
1149 4395 1261 4482 suetis.
1308 4387 1513 4455 Gronoviorn
1535 4386 1636 4473 igitur
1657 4396 1747 4450 reete
1768 4386 1937 4450 ciuitatem
1959 4385 2102 4452 scribere

488 4518 657 4594 maluisse,
681 4511 734 4576 vel
754 4531 795 4570 ex
818 4505 992 4590 depromta
1013 4497 1137 4566 codicis
1160 4497 1322 4585 scripturn
1345 4489 1553 4578 intelligitur.
1576 4488 1647 4555 uc.
1663 4490 1707 4555 Β.
1729 4525 1768 4538 -
1792 4488 2000 4578 inruperunt]
2016 4491 2101 4558 Cod.

488 4624 664 4710 ruperunt.
709 4604 906 4676 Perizonius
930 4611 1134 4689 eruperunt,
1164 4597 1252 4687 quod
1284 4595 1454 4662 liebkcrus
1481 4591 1626 4681 reecpit,
1658 4591 1869 4660 scribendum
1897 4615 1983 4680 esee,
2013 4605 2103 4664 reete

488 4719 671 4790 coniecisse
690 4711 831 4777 videtur.
875 4705 1085 4771 Vocabulum
1108 4703 1165 4786 ibi,
1189 4702 1278 4790 quod
1300 4699 1410 4790 psollo
1433 4710 1509 4785 post
1530 4699 1693 4785 seqnitur,
1712 4696 1906 4787 liopiterius
1929 4695 1963 4760 io
1977 4697 2103 4767 codicis

490 4823 664 4892 collatione
687 4813 854 4879 omiserat.
884 4847 924 4860 -
955 4807 1095 4894 uectigal
1120 4805 1291 4870 dimidium
1315 4804 1400 4890 cios,
1424 4805 1513 4894 quod
1537 4805 1607 4891 regi
1631 4803 1847 4892 pendissent]
1871 4799 2021 4869 Muretus
2044 4806 2103 4869 im·
