4770 5994
818 1293 1343 1430 PROOEMIUM.

290 1621 664 1764 undetricesimus
692 1689 827 1746 annus
855 1663 1000 1776 agitur,
1034 1695 1087 1750 ex
1116 1671 1333 1781 quomihi
1362 1669 1417 1754 ad
1446 1667 1669 1753 editionem
1696 1663 1804 1750 Livii
1832 1665 1887 1749 ab

288 1820 397 1932 Aug.
427 1813 537 1902 Guil.
566 1811 751 1898 Ernestio
789 1813 1034 1899 adornatam
1071 1833 1161 1932 post
1197 1815 1470 1944 ¹Sobaelerum
1506 1815 1645 1902 denuo
1682 1842 1886 1928 recogno-

288 1963 484 2050 scendum
512 1961 743 2064 accedenti,
773 1989 904 2072 quum
934 1980 1096 2078 praeter
1123 1961 1274 2048 codicis
1303 1960 1619 2077 Bambergensis
1648 1960 1830 2078 primum
1858 1987 1886 2044 a

263 2106 478 2194 'Goellero
507 2109 647 2222 paullo
677 2099 955 2224 negligentius,
973 2109 1123 2194 deinde
1151 2139 1177 2196 a
1204 2129 1357 2196 memet
1380 2113 1470 2228 ipso
1495 2111 1625 2196 multo
1654 2107 1887 2224 diligentius

287 2259 422 2344 collati
452 2283 574 2340 usum
607 2257 687 2341 alia
725 2285 893 2368 quoque
921 2257 1277 2374 circumspicerem
1306 2257 1566 2366 adiumenta,
1606 2256 1758 2342 codicis
1786 2257 1886 2340 olim

285 2400 664 2503 Laurisbemensis‚
694 2429 807 2486 nunc
836 2399 1224 2509 Vindobonensis¹),
1253 2422 1390 2510 sexto,
1427 2426 1472 2493 ut
1507 2411 1689 2522 videtur,
1719 2425 1885 2510 saeculo

285 2552 445 2636 exarati
473 2567 511 2634 et
540 2547 809 2664 Moguntino‚
847 2565 891 2631 ut
926 2577 1021 2634 mea
1056 2549 1134 2632 lert
1171 2549 1334 2674 opiui05
1371 2554 1495 2666 plane
1529 2537 1727 2672 gemini²l
1764 2573 1884 2688 copia

283 2709 342 2776 est
370 2692 492 2777 sacta.
551 2689 684 2773 Huius
715 2692 825 2772 enim
855 2689 1007 2774 codicis
1032 2719 1134 2775 auro
1163 2710 1318 2796 contra,
1352 2714 1397 2781 ut
1424 2697 1561 2786 Plauti
1586 2733 1703 2795 more
1731 2717 1883 2804 modo-

283 2863 366 2948 que
394 2839 564 2944 loquar,
595 2865 679 2912 non
707 2836 814 2930 cari,
850 2862 904 2910 ex
931 2860 1016 2940 quo
1044 2834 1144 2924 Sim.
1172 2831 1390 2943 Grynaeus
1418 2842 1601 2946 ultimos,
1631 2853 1705 2959 qui
1733 2885 1882 2973 super.

283 2997 399 3082 sunt,
428 2978 614 3090 quinque
642 2972 750 3058 Livii
787 2975 911 3058 libros
948 2975 1012 3058 vel
1049 2976 1184 3090 potius
1220 3005 1389 3066 mancas
1425 3001 1464 3068 et
1491 2987 1709 3082 lacunosae
1737 3031 1883 3094 eorum

282 3125 477 3238 reliquias
506 3138 601 3205 ante
629 3136 829 3206 trecentos
847 3120 1026 3236 amplius
1048 3146 1178 3206 annos
1194 3126 1354 3238 primus
1377 3128 1505 3216 edidit
1514 3130 1560 3240 ³),
1578 3164 1675 3224 cum
1703 3143 1882 3238 editione

280 3271 682 3358 Drakenborcbiaua
721 3268 963 3355 conserendi
999 3268 1183 3352 laborem
1218 3266 1461 3384 Kopitarius
1488 3242 1740 3374 'mercedem
1784 3252 1881 3381 satis

282 3421 465 3536 amplam
504 3445 600 3502 cum
635 3417 859 3533 bibliopola
896 3416 1180 3501 liberalissimo
1216 3433 1361 3531 pactus
1398 3427 1575 3542 suscepit
1616 3448 1655 3518 et
1698 3464 1879 3550 omnem,

280 3563 422 3678 quoad
459 3561 547 3646 eius
579 3559 716 3646 facere
754 3562 904 3676 potuit,
948 3563 1173 3676 scripturae
1210 3562 1485 3654 diversitatem
1521 3581 1709 3666 enotavit.
1783 3586 1880 3692 Qua

279 3707 451 3823 quidem
486 3704 638 3792 codicis
675 3705 787 3792 unici
825 3707 1058 3812 collatione,
1095 3733 1222 3818 quam
1263 3726 1428 3823 vocant,
1464 3715 1520 3798 ita
1556 3747 1655 3806 usus
1682 3754 1797 3834 sum,
1834 3749 1880 3818 ut

279 3852 473 3938 lectiones
507 3850 689 3933 sinceras
726 3865 765 3932 et
798 3849 995 3964 integras,
1040 3879 1149 3962 quae
1184 3853 1428 3970 Grynaeum
1465 3868 1603 3954 nescio
1639 3902 1724 3986 quo
1756 3896 1878 3994 pacto

280 3999 498 4113 fugissent,
537 3997 624 4082 sine
659 3995 744 4079 ulla
781 3995 1034 4082 dubitatione
1069 4001 1315 4116 reciperem,
1352 4007 1454 4093 alias
1482 4028 1641 4121 autem,
1675 4047 1784 4130 quae
1812 4028 1877 4112 vel

281 4145 424 4228 leviter
451 4144 516 4228 vel
545 4140 722 4257 graviter
750 4158 881 4226 essent
911 4142 1158 4258 depravatae
1165 4213 1177 4252 ,
1215 4150 1329 4236 sacili
1362 4159 1522 4271 negotio
1560 4161 1625 4244 vel
1661 4165 1900 4260 intentiore*

279 4318 381 4378 cura
412 4289 700 4404 emendarem,
738 4291 917 4400 itemque
954 4292 1136 4374 virorum
1174 4289 1388 4380 doctorum
1426 4301 1681 4392 coniecturas
1710 4315 1772 4396 vel
1801 4348 1877 4431 p„
2021 4319 2026 4330 .

279 4467 324 4522 se
353 4433 585 4551 probabiles
622 4435 687 4517 vel
717 4433 868 4520 codicis
896 4437 1134 4522 auctoritate
1169 4443 1351 4553 quodam
1389 4448 1531 4534 saltem
1551 4455 1690 4540 modo
1719 4463 1876 4548 contir-

279 4587 422 4668 matas'
449 4581 612 4695 vugau
648 4582 955 4685 substituerem,
993 4599 1031 4668 et
1068 4609 1176 4696 quae
1210 4616 1263 4670 ne
1301 4590 1560 4678 coniecturae
1596 4600 1765 4711 quidem
1795 4637 1875 4725 ope

278 4729 433 4812 restitui
468 4754 588 4841 posse
621 4723 877 4830 viderentur,
914 4727 1196 4842 nequidquam
1235 4737 1458 4824 emendare
1493 4761 1663 4832 conatus
1692 4752 1783 4837 aliis
1805 4783 1875 4838 me

1583 4885 1624 4956 μ
