4814 5970
487 688 538 778 r'a

488 887 585 972 prima
614 883 747 948 columna
775 905 864 967 agens
892 885 1042 966 perhibet,
1070 885 1114 949 rel
1143 891 1293 967 septenas,
1321 881 1419 944 literas
1440 901 1475 945 ex
1493 901 1631 945 versuum
1653 881 1797 965 principio
1820 891 1850 945 et
1870 884 1947 948 exitu
1968 885 2100 953 residuas

481 989 645 1073 pondnent,
668 996 775 1069 quanta
796 983 1026 1070 maxima'pctui
1048 1009 1118 1052 cura
1139 975 1173 1051 dc
1196 987 1340 1068 diligentia
1363 985 1399 1049 ad
1421 987 1608 1050 membranae
1630 987 1786 1052 Toletanae
1807 981 1894 1050 fidem
1917 987 1956 1051 ita
1977 1007 2097 1070 reprae-

488 1094 613 1169 sentavi,
642 1099 675 1156 ut
700 1093 799 1155 literas
827 1111 844 1155 a
871 1091 987 1156 Pertzio
1016 1094 1060 1158 vel
1087 1101 1194 1157 memet
1215 1092 1280 1172 ipso
1303 1087 1451 1170 suppletas
1476 1097 1614 1170 typorum
1638 1088 1802 1154 diversitate
1823 1111 1840 1154 a
1868 1091 1971 1154 ceteris
1993 1093 2095 1158 distin-

484 1215 617 1280 puerem,
639 1205 668 1260 et
688 1195 760 1259 Livii
782 1193 870 1258 verba
892 1203 1037 1278 utcunque
1059 1199 1208 1261 emendata
1222 1216 1256 1260 ae
1277 1194 1470 1274 redintegrata
1490 1193 1715 1257 subscriberem.
1747 1195 1878 1277 Denique
1895 1199 2095 1262 annotationes

489 1301 596 1378 adieci,
627 1319 700 1383 quae
727 1317 790 1364 non
818 1299 914 1363 solum
942 1301 972 1363 iu
998 1301 1108 1365 bbrarii
1137 1300 1250 1364 mendis
1278 1298 1461 1361 coniecturae
1488 1317 1546 1380 ope
1568 1299 1701 1362 tollendis
1723 1306 1752 1364 et
1774 1299 1882 1364 lacunis
1903 1301 2097 1383 probabiliter

488 1403 665 1490 supplendis,
691 1405 743 1467 sed
765 1403 850 1468 etiam
871 1405 901 1467 in
920 1405 1025 1469 Pertzii
1048 1408 1198 1469 erroribus
1218 1403 1399 1485 corrigendis
1418 1405 1621 1483 apamensis,
1645 1423 1717 1484 quas
1739 1403 1786 1466 ille
1807 1406 1938 1486 protulit,
1961 1409 2095 1473 locorum

488 1509 670 1592 singulorum
689 1507 973 1590 interpretationibus
995 1510 1153 1572 refutandis
1169 1518 1330 1584 versantur,
1345 1527 1440 1589 neque
1460 1513 1566 1584 umen,
1588 1527 1678 1588 quum
1699 1509 1729 1571 in
1750 1509 1893 1573 eiusmodi
1915 1511 2093 1595 scriptorum

488 1613 674 1696 antiquorum
696 1609 825 1692 reliquiis
848 1611 1032 1674 emendandis
1055 1619 1140 1692 atquc
1161 1611 1335 1692 explicandis
1355 1611 1450 1673 omnis
1469 1613 1530 1673 lere
1550 1613 1715 1677 coniectura
1733 1613 1844 1678 lubrica
1866 1615 1904 1680 sit
1924 1637 1958 1680 ac
1976 1619 2093 1700 pericu·

487 1715 562 1793 losa,
584 1715 624 1780 ita
652 1723 836 1798 comparatae
857 1723 941 1792 sunt,
964 1725 1010 1792 ut,
1042 1735 1132 1798 (prum
1159 1716 1311 1797 aliquoties
1339 1715 1511 1779 dubitationi
1533 1716 1615 1779 locus
1640 1717 1834 1798 relinquatur,
1863 1729 1972 1784 memet
1997 1724 2095 1805 ipsum

489 1821 569 1887 omui
590 1841 692 1886 errore
714 1840 814 1886 carere
836 1819 1007 1884 existimem.
1048 1822 1209 1903 Propterea
1228 1823 1298 1885 nibil
1320 1823 1467 1885 ardentius
1486 1821 1572 1903 cupio
1594 1841 1629 1885 ac
1653 1823 1850 1885 vehementius
1872 1833 1989 1906 exopto,
2006 1843 2094 1906 quam

486 1935 522 1990 ut
541 1925 606 2004 alii,
629 1923 678 2007 qui
698 1924 829 1988 laborem
851 1925 882 1988 in
904 1944 936 1988 re
958 1925 1036 1988 tenu
1059 1935 1263 2007 consumptum
1283 1947 1344 1990 ncn
1365 1949 1490 2009 prorsus
1510 1927 1693 2010 improbant,
1723 1928 1847 1994 eundem
1876 1939 1905 1994 ct
1926 1932 1982 2012 ipsi
2003 1931 2092 1996 sube-

486 2039 546 2108 aut,
568 2037 655 2111 atque
675 2047 732 2104 me,
756 2047 843 2110 quem
864 2029 922 2092 boc
943 2028 998 2092 sibi
1016 2029 1176 2094 devinciant
1194 2032 1344 2108 beneficio,
1368 2033 1488 2096 meliora
1512 2041 1541 2096 et
1561 2035 1687 2096 certiora
1709 2033 1857 2098 edoceant.
