4770 5994
1839 693 1892 768 81

310 877 316 888 ·
352 848 435 935 Cep.
464 849 523 913 Vt.
547 847 618 914 Hoc
640 845 875 934 Lampsaceni]
898 843 1002 912 ilecte
1023 847 1233 918 Gronorinss
1257 849 1426 934 „Serilrer
1451 853 1528 920 rrae
1550 863 1585 920 et
1611 855 1850 942 lauracensi,
1860 861 1889 910 ‘5

268 954 357 1042 qnod
385 951 631 1020 Lollcmsudum
656 959 790 1017 secutus
810 949 933 1037 recepi.
958 950 1032 1016 ΒΟ.
1057 951 1099 1018 Β.
1122 989 1165 1004 -
1184 977 1227 1019 ne
1248 954 1283 1018 iu
1301 956 1422 1042 regiam
1437 969 1632 1042 potestatem
1650 961 1890 1048 reciperentur]

266 1059 490 1146 lliequoque
513 1055 682 1123 (ironorio
704 1064 837 1118 auctore
862 1052 984 1138 scripsi
1006 1059 1209 1140 reciderent,
1232 1061 1322 1148 quod
1346 1061 1514 1146 librerias,
1539 1087 1640 1152 quum
1655 1069 1891 1156 reciperentur

268 1171 302 1225 et
325 1161 560 1246 exciperentur
586 1153 797 1244 praecedant,
820 1153 854 1218 ln
887 1153 1053 1240 uulgatum
1082 1164 1243 1250 corrupit.
1274 1164 1348 1230 BC.
1377 1169 1420 1232 Β.
1442 1202 1484 1217 1-
1513 1168 1650 1237 comiter
1674 1161 1889 1258 responsum]

266 1261 352 1338 (iod.
376 1265 581 1328 committere
600 1283 748 1349 posuere,
772 1257 862 1347 qnod
893 1257 1067 1346 Grynseus
1096 1275 1186 1328 recte
1218 1261 1414 1332 emendarit.
1447 1301 1484 1316 -
1512 1288 1552 1337 sc
1580 1289 1665 1354 quse
1695 1269 1768 1356 ipse
1800 1273 1890 1348 ultro

265 1369 436 1459 pollicitus
461 1367 519 1445 sit]
541 1367 625 1434 Ccd.
648 1377 682 1433 et
703 1389 791 1462 quae
813 1368 883 1454 ipsa
906 1365 994 1431 ultro
1014 1369 1182 1454 pollicitus
1202 1367 1258 1434 stt:
1299 1366 1478 1457 Propterea
1500 1393 1541 1436 ao
1563 1370 1597 1434 ln
1621 1380 1656 1436 et
1683 1371 1817 1438 mutari.
1841 1375 1886 1439 B.

264 1471 346 1548 Vid.
373 1471 495 1538 ttondit
518 1469 701 1538 Torsellin.
724 1469 802 1536 Vol.
829 1470 857 1535 Ι.
882 1493 918 1558 p.
947 1469 1014 1536 19⁰.
1039 1481 1073 1534 et
1094 1467 1242 1556 Madvig.
1268 1468 1310 1534 sd
1334 1469 1405 1536 cte.
1430 1469 1471 1535 de
1493 1471 1568 1538 Flu.
1599 1472 1628 1554 l,
1656 1471 1711 1538 20.
1742 1497 1777 1564 p.
1812 1473 1884 1538 itti.

267 1572 644 1664 &aragonen-Cresius
664 1572 834 1660 vulgatura
855 1571 1003 1638 retinuit.

349 1728 430 1818 Cep.
456 1725 533 1790 Vll.
558 1749 658 1814 quum
683 1725 877 1812 interrogati
901 1751 968 1792 non
990 1723 1230 1804 infitiarentur]
1253 1719 1339 1784 eod.
1365 1744 1440 1787 oum
1465 1722 1600 1810 infitiati
1621 1728 1886 1817 uoninterroqu·

263 1843 393 1896 reutur.
438 1829 560 1894 Mirum
590 1851 669 1893 saue
698 1829 824 1893 librarii
854 1853 994 1894 errorem
1025 1831 1196 1916 Grynacus
1229 1837 1317 1892 recte
1346 1827 1493 1893 sustulit.
1525 1865 1565 1878 -
1597 1827 1769 1920 gnaviter]
1798 1831 1883 1898 cod.

262 1937 409 2010 nouiter,
427 1929 515 2018 qnod
538 1930 572 1993 iu
592 1931 691 1996 ultera
710 1930 798 1995 Liuii
822 1932 967 1997 editione
991 1930 1141 2020 praetuli.
1167 1930 1244 1995 Vid.
1271 1929 1465 1997 Schneldori
1489 1931 1633 1998 Gramen.
1652 1933 1725 2000 Lat.
1747 1935 1837 2001 Part.
1854 1937 1883 2002 1.

264 2033 343 2100 Vol.
373 2034 419 2099 11.
452 2056 486 2120 p.
512 2031 587 2128 ldfl.
610 2069 648 2084 -
685 2057 782 2124 quern
812 2059 848 2098 se
880 2035 1000 2100 dedant
1035 2033 1139 2098 Persi.
1165 2031 1280 2124 Quod]
1305 2033 1388 2099 cod.
1414 2059 1514 2123 qrram
1536 2039 1609 2102 siue
1630 2037 1813 2106 decedatur
1833 2045 1884 2108 sio

263 2138 365 2230 quod,
387 2161 473 2228 quse
496 2137 669 2224 Grynaens
693 2138 799 2224 magis
822 2137 919 2203 etism
941 2137 1099 2224 eorrupit.
1148 2135 1197 2202 tte
1221 2138 1395 2225 depravate
1413 2137 1537 2203 codicis
1551 2139 1714 2228 scripturn
1731 2144 1881 2210 restituis

263 2265 365 2338 quam
385 2239 452 2329 fide
474 2242 654 2326 decedant,
676 2243 735 2322 sic,
757 2243 849 2334 quod
867 2253 946 2324 ete,
970 2255 1006 2306 ut
1026 2245 1075 2305 sio
1097 2240 1136 2304 ud
1161 2239 1361 2328 praecedens
1390 2243 1667 2330 quemadmodem
1693 2248 1882 2316 referretur.

261 2349 337 2414 BC.
362 2349 406 2412 Β.
451 2345 569 2434 Neque
592 2360 655 2429 est,
680 2347 768 2435 quod
788 2347 919 2412 dubites
943 2346 983 2410 de
1007 2359 1094 2414 certe
1117 2346 1214 2409 loius
1236 2345 1300 2410 loci
1324 2345 1565 2410 emendatione.
1612 2347 1742 2414 Etenim
1765 2351 1882 2420 Livius

262 2453 359 2518 etium
379 2449 516 2534 XXXl,
539 2451 570 2516 5.
592 2451 762 2536 XXXlV,
789 2453 839 2518 11.
865 2464 898 2517 et
917 2451 1028 2534 XLV,
1055 2453 1104 2517 lll.
1126 2451 1194 2538 fide
1214 2449 1376 2514 decedere
1399 2471 1456 2536 pro
1472 2449 1713 2536 fidemviolore
1728 2453 1824 2523 dixit.
1839 2491 1884 2506 -

263 2555 470 2643 spulistsque
493 2556 691 2642 sacrilegiis]
721 2557 928 2622 Gronoviusr
958 2555 1122 2639 „Corriqc
1151 2551 1325 2640 spoliaque
1351 2552 1563 2637 suerileqii.“
1612 2553 1686 2618 lloe
1716 2555 1882 2624 Clericum

262 2670 396 2725 secatus
418 2659 541 2746 recepi.
566 2658 640 2724 BG.
664 2660 708 2723 Β.
750 2657 1041 2723 Drakenborohius
1071 2652 1240 2739 vulqrtmn
1270 2653 1391 2718 frustra
1418 2652 1578 2719 delcudit.
1627 2657 1755 2724 Erroris
1783 2661 1883 2749 origi·

261 2787 336 2830 neni
357 2788 376 2829 a
399 2762 577 2850 prostituis:
604 2761 726 2848 templa
748 2759 899 2823 omnibus
929 2761 1133 2822 ornamentis
1162 2755 1357 2841 compilata,
1384 2755 1598 2842 repetendam
1630 2781 1704 2826 esse
1731 2778 1881 2850 appetet.

261 2865 376 2932 Nihilo
399 2863 507 2930 secius
529 2874 638 2928 temen
663 2858 960 2928 Weissenlrornius
984 2859 1092 2924 Lectt.
1116 2857 1191 2924 L'ir.
1216 2857 1309 2921 Part.
1331 2855 1376 2922 11.
1410 2880 1444 2945 p.
1479 2857 1529 2922 12.
1560 2869 1629 2924 not.
1660 2860 1694 2926 8.
1721 2863 1883 2932 uocabula

261 2970 349 3038 haud
370 2989 443 3033 raro
465 2989 483 3030 a
503 2963 639 3030 librerio
659 2973 780 3028 temere
800 2959 1001 3045 transposita
1023 2979 1097 3024 esse
1119 2958 1305 3046 praelatum
1330 2957 1512 3042 „Etismsi,
1536 2960 1658 3049 inquit,
1687 2963 1743 3030 illa
1773 2967 1881 3035 conie-

261 3082 352 3142 ctura
374 3072 448 3137 loeo
468 3067 605 3150 ΧΧΙΧ,
625 3065 659 3148 8,
679 3065 712 3130 9.
733 3088 831 3153 quem
852 3061 990 3129 mirere
1013 3061 1182 3130 Gronorio
1205 3085 1270 3128 non
1293 3085 1367 3130 esse
1387 3062 1542 3144 allatum,
1564 3064 1749 3135 confirmari
1773 3069 1882 3140 ridea-

261 3188 334 3252 tur,
363 3185 473 3239 temon
500 3169 628 3236 leniore
650 3166 795 3235 remedio
817 3164 966 3231 adhibito
989 3165 1102 3232 nescio
1124 3189 1165 3230 cn
1188 3167 1311 3233 rectius
1333 3167 1483 3258 legetur:¹
1505 3167 1628 3253 templa
1656 3205 1694 3218 --
1721 3173 1880 3260 spoliato,

261 3279 507 3367 compilataque
525 3271 731 3364 saerileqr't'a,·
754 3269 799 3336 el.
821 3267 956 3349 XXVl,
979 3267 1034 3350 311,
1057 3265 1089 3332 9.
1113 3267 1284 3351 XXVlll‚
1314 3267 1369 3334 36.
1400 3270 1500 3336 init.“
1546 3271 1645 3343 Adde
1671 3273 1880 3363 XXXVlll,

261 3385 315 3452 13.
341 3382 462 3469 templa
485 3391 553 3446 tota
571 3379 656 3446 urbe
676 3376 820 3465 spoliata
840 3376 1058 3440 anramentis.
1103 3373 1181 3457 Quo
1205 3372 1313 3439 asinus
1336 3384 1445 3440 sutem
1475 3374 1538 3442 linc
1557 3399 1753 3464 sequamur,
1776 3393 1900 3469 quum*

262 3486 438 3573 conpilata
458 3482 645 3570 sacrilegiis
665 3477 869 3546 substantive
890 3477 957 3542 diei
979 3487 1014 3544 es
1036 3497 1077 3544 ex
1099 3475 1172 3542 Lir.
1195 3475 1331 3558 ΧΧΙΧ,
1353 3474 1383 3540 8.
1413 3499 1473 3564 per
1500 3479 1674 3568 saerileqii
1701 3485 1878 3550 manubiae

262 3587 422 3677 explicari
442 3595 620 3675 nequeunt,
645 3581 830 3670 impediunt
854 3581 967 3660 verbs,
990 3601 1076 3666 quse
1096 3591 1299 3666 scquuuturr
1319 3577 1359 3644 G.
1373 3580 1570 3646 Lucretium
1583 3581 1724 3650 noctibas
1737 3585 1880 3652 Aestima

261 3697 447 3762 derexisse.
495 3687 581 3754 lllcd
605 3699 712 3753 temen
736 3682 1055 3763 notatissimum,
1080 3705 1130 3748 ine
1155 3683 1274 3746 leuctra
1298 3681 1503 3770 quaesivisse
1525 3681 1648 3766 locun,
1672 3707 1738 3772 quo
1756 3685 1879 3773 templs
2015 3689 2023 3696 ’

262 3795 467 3866 ornamentis
489 3789 666 3877 compilari
686 3809 747 3877 pro
768 3787 971 3854 ornamentis
991 3785 1132 3871 spoliari
1152 3785 1314 3854 dicautur.
1340 3821 1379 3836 -··
1402 3785 1524 3873 quilius
1545 3785 1627 3854 nilril
1642 3810 1751 3875 neque
1768 3787 1880 3856 diem

261 3901 372 3988 pensi,
396 3917 504 3985 neque
528 3891 651 3973 lacere]
670 3889 755 3956 cot.
779 3887 898 3980 quibus
921 3886 1006 3950 nilril
1027 3909 1136 3981 neque
1150 3889 1262 3954 dicere
1282 3891 1380 3975 pensi
1399 3891 1433 3960 si
1449 3913 1557 3974 neque
1568 3888 1726 3978 [nomm.
1774 3891 1878 3958 amq,

262 4003 366 4092 igitur
388 3996 568 4087 Sigonius:
594 3992 762 4079 „Malim
787 3991 916 4079 iuquit,
938 3992 1035 4078 pensi
1056 3993 1117 4070 sit,
1150 4004 1187 4055 nt
1215 3991 1274 4056 tin.
1305 3990 1426 4072 XLll,
1454 3991 1507 4056 23.
1540 3995 1586 4058 Id
1610 3995 1680 4074 ilii,
1710 3997 1766 4062 eus
1793 3995 1882 4065 „5151

259 4109 440 4199 permisit,
462 4103 565 4191 facile
587 4105 678 4167 est.“
699 4097 774 4165 BG.
799 4100 842 4163 B.
888 4093 987 4162 Adde
1010 4093 1083 4160 Lir.
1106 4093 1241 4178 xxvi,
1267 4094 1316 4164 15.
1346 4094 1515 4179 XXXIV,
1547 4095 1598 4159 ³1.
1631 4108 1664 4162 et
1693 4097 1746 4164 ⁴9.
1777 4099 1878 4166 Pras-

260 4223 349 4277 terea
379 4231 437 4298 per
464 4205 605 4272 eundem
629 4201 754 4269 librarii
777 4223 931 4282 errorem,
953 4200 1053 4263 rerlro
1075 4200 1121 4262 sit
1143 4197 1176 4262 in
1198 4201 1228 4262 si
1249 4207 1386 4282 mutato,
1407 4197 1504 4262 etism
1527 4195 1639 4278 XLV,
1664 4197 1714 4262 15.
1738 4204 1830 4296 quod
1849 4205 1881 4270 35

260 4311 346 4382 nildl
367 4309 473 4394 uliud,
489 4332 561 4400 cap.
582 4307 630 4373 111.
649 4309 728 4400 quia
749 4316 856 4370 aetate
868 4305 1042 4390 proximus
1063 4303 1105 4384 si,
1122 4313 1155 4366 ct
1169 4303 1327 4392 proxima
1342 4299 1528 4388 parricidio
1547 4301 1589 4384 si,
1607 4313 1707 4390 utque
1724 4327 1797 4394 cap,
1822 4305 1876 4371 24,

258 4423 289 4488 ai
310 4417 412 4483 rodus
434 4417 469 4478 in
492 4414 591 4479 terris
615 4410 646 4476 in
669 4407 781 4476 codice
802 4406 936 4493 legitur.

345 4573 430 4660 Gap.
455 4565 552 4632 Vlll.
579 4565 679 4632 sociis
702 4577 802 4652 etque
823 4559 952 4641 enticis]
979 4557 1063 4623 Cod.
1087 4567 1125 4623 nt
1145 4559 1321 4647 maiusque
1343 4555 1453 4618 amici.
1498 4553 1650 4641 Apparet
1663 4551 1777 4641 igitur,
1796 4555 1877 4622 Gro-

261 4679 395 4745 noviurn
417 4685 505 4740 recte
526 4671 605 4734 lnce
629 4669 672 4734 its
696 4666 908 4746 emendasse,
940 4673 977 4728 ut
1000 4663 1082 4728 sarii
1111 4671 1210 4748 atque
1239 4659 1339 4724 amici
1368 4655 1577 4722 scribendum
1608 4679 1682 4724 esse
1715 4671 1875 4724 censeret.

261 4785 336 4853 ΒΟ.
361 4783 403 4852 Β.
452 4780 542 4870 ldern
566 4778 627 4842 ism
650 4773 802 4839 Clericus
825 4770 961 4858 recepit.
1008 4765 1176 4832 Pertiesds
1203 4773 1260 4844 at,
1293 4785 1390 4850 quem
1422 4760 1457 4826 in
1484 4764 1573 4845 suis,
1605 4761 1695 4850 quod
1721 4760 1879 4832 Deles-us

1625 4873 1660 4938 9.
1696 4889 1702 4898 .
