4770 5994
515 627 562 698 to

599 793 690 874 t)·1n
712 794 814 856 codice
837 795 928 872 euim,
948 809 982 856 ut
1000 797 1077 856 varii
1098 819 1131 856 ac
1154 795 1264 856 diversi
1283 795 1399 876 generis
1418 795 1557 879 exempla
1577 813 1751 878 proponam,
1769 791 1878 876 legitur
1892 793 2020 875 primum
2036 790 2118 864 XLI,

514 909 566 964 22.
590 914 619 961 ct
638 899 708 962 alibi
729 899 862 977 escendit,
885 924 949 984 cap.
971 909 1021 962 23.
1041 906 1066 962 si
1087 900 1305 972 uerenolumus
1323 899 1426 974 dicere,
1447 923 1512 982 cap.
1529 898 1579 959 24.
1596 897 1723 958 triduum
1744 919 1796 960 nos
1818 899 1848 958 in
1871 893 1995 958 concdio
2007 893 2117 979 finisse,

513 1004 587 1064 ibid.
614 1003 688 1064 nibil
713 1021 803 1064 metus
822 1030 967 1088 praesens,
991 1005 1063 1067 ibid.
1085 1031 1120 1066 ne
1137 1005 1336 1066 interdictione
1345 1007 1457 1090 finium
1477 1020 1590 1065 nostros
1609 1027 1718 1088 quoque
1732 1017 1758 1062 et
1780 1027 1831 1064 nos
1854 1005 1934 1084 segni
1955 1023 2117 1074 arceamus,

513 1107 594 1189 quod
617 1107 772 1170 nokkenis
793 1109 963 1189 Grynaeum
985 1112 1025 1170 ita
1048 1126 1183 1186 secutus,
1206 1125 1239 1170 ut
1258 1113 1338 1190 segni
1359 1111 1389 1177 iu
1410 1131 1498 1190 regno
1529 1122 1671 1182 mutaret,
1697 1105 1819 1190 vulgato
1848 1121 1928 1167 reete
1957 1104 2117 1177 substituit,

514 1212 612 1288 XLII,
633 1217 663 1273 8.
686 1237 737 1273 nec
758 1229 825 1272 ante
843 1211 986 1274 conntlern
1008 1213 1043 1272 de
1062 1217 1218 1296 prouincia
1234 1214 1367 1275 decedere
1388 1238 1486 1298 quam,
1510 1235 1574 1297 cap.
1597 1223 1627 1277 9.
1648 1229 1676 1272 et
1696 1216 1741 1274 sui
1755 1211 1855 1295 aliquo
1873 1227 1970 1272 tamen
1982 1223 2118 1291 respectu,

515 1341 579 1400 cap.
606 1329 654 1382 Io.
675 1323 706 1378 in
734 1323 847 1402 incepto
868 1321 1056 1403 perstabant,
1081 1345 1145 1403 cop.
1168 1322 1219 1382 24.
1241 1337 1266 1380 et
1287 1323 1385 1382 urbem
1411 1337 1438 1380 et
1459 1341 1566 1400 agros,
1595 1319 1675 1400 quod
1704 1317 1857 1377 Brkkerus
1885 1329 1965 1376 recte
1995 1313 2118 1394 recepit,

515 1445 582 1506 cap.
604 1429 656 1484 28.
678 1422 816 1484 sacerdos
831 1438 871 1483 est
891 1421 988 1500 lectus,
1011 1447 1075 1506 cap.
1100 1433 1150 1488 20.
1174 1449 1260 1509 neque
1283 1451 1421 1490 romanos
1447 1451 1530 1510 posse
1548 1449 1668 1510 aequom
1697 1449 1817 1500 censere,
1844 1446 1908 1504 cap.
1938 1431 1989 1487 31.
2018 1419 2120 1480 duceni

514 1525 639 1608 pedites,
660 1528 731 1588 ibid.
752 1553 815 1588 sors
842 1527 964 1602 obuenit,
993 1551 1057 1610 cap.
1081 1531 1132 1588 34.
1162 1529 1263 1590 ordine
1288 1556 1343 1614 quo
1368 1559 1414 1592 me
1438 1533 1557 1614 ‹tignnm
1587 1531 1723 1606 iiidicent,
1752 1551 1816 1611 cop.
1844 1533 1894 1588 37.
1926 1529 1972 1588 cui
2001 1522 2120 1586 rescribi

516 1655 574 1694 non
595 1629 718 1712 placuit,
738 1655 803 1715 cap.
828 1637 879 1692 38.
905 1655 962 1693 non
978 1629 1082 1715 fnisse*
1099 1655 1129 1690 se
1142 1631 1315 1708 dilatumm,
1335 1658 1398 1718 cap.
1427 1639 1478 1700 45.
1499 1638 1697 1718 praeparatis,
1718 1634 1789 1693 ibid.
1817 1630 1903 1691 multi
1929 1627 2120 1696 orationibus,

514 1739 568 1799 ubi
590 1737 689 1798 multis
707 1736 910 1812 scribendum,
940 1759 1004 1819 cap.
1029 1741 1078 1800 64.
1100 1753 1205 1797 eeteros
1230 1744 1445 1812 incitauerunt,
1466 1740 1583 1814 XLIII,
1605 1745 1635 1800 2.
1653 1742 1791 1820 pecunias
1815 1751 1985 1819 repeterent,
2006 1755 2070 1815 cap.
2090 1737 2121 1793 9.

516 1845 639 1902 mrecius
657 1827 794 1924 prietor,
826 1842 855 1901 id
879 1856 923 1902 est
945 1841 995 1906 M.
1023 1839 1161 1920 Raecius,
1193 1867 1257 1927 cap.
1292 1849 1340 1908 14.
1370 1859 1518 1927 praetores
1546 1842 1638 1925 plebis
1665 1865 1785 1902 causam
1815 1858 1940 1922 egerunt,
1971 1863 2036 1921 cap.
2067 1847 2119 1902 22.

513 1969 605 2028 prope
626 1944 763 2006 inachum
787 1969 922 2020 amnem,
953 1945 1067 2022 XLIV,
1094 1958 1119 2008 t.
1140 1946 1198 2006 dies
1220 1953 1303 2008 unius
1324 1947 1460 2032 eoepedito
1483 1951 1536 2006 iter
1557 1963 1606 2023 est,
1637 1948 1687 2006 ubi
1716 1946 1827 2006 diesin
1855 1945 1912 2004 diei
1935 1943 2119 2014 mutandum,

518 2073 580 2132 cap.
606 2061 634 2112 5.
655 2065 821 2108 transuerso
843 2045 1020 2108 incumbente
1040 2051 1138 2130 tigno,
1168 2052 1219 2110 ubi
1239 2037 1429 2112 inatmbentes
1451 2053 1655 2126 scribendum,
1678 2073 1742 2133 cap.
1765 2056 1817 2110 22.
1840 2048 2000 2110 molerem
2021 2045 2121 2130 publi-

518 2177 586 2214 cam
606 2178 714 2235 gerere‚
735 2154 807 2213 ibid.
827 2155 853 2212 is
875 2177 910 2210 ne
931 2151 1060 2234 deneget,
1083 2178 1148 2238 cap.
1172 2161 1222 2216 25.
1244 2159 1353 2237 apisci,
1375 2177 1439 2237 cap.
1463 2159 1515 2214 27.
1541 2179 1597 2214 non
1619 2171 1711 2214 tenere
1729 2151 1942 2214 multitudinem
1966 2149 2046 2224 alia,
2067 2171 2120 2233 pro

518 2255 625 2330 aliam,
650 2279 714 2338 cap.
740 2262 792 2316 35.
815 2255 960 2333 detineret,
980 2280 1044 2342 cap.
1070 2259 1119 2320 45.
1144 2264 1274 2320 romanis
1295 2285 1323 2319 se
1345 2259 1460 2334 dedunt,
1482 2259 1580 2332 XLV,
1597 2265 1624 2318 1.
1644 2274 1828 2340 praeceptum
1849 2277 1904 2339 pro
1924 2270 2121 2338 praeceptam,

517 2358 591 2423 ibid.
610 2357 755 2442 fremitus
777 2361 913 2434 increuit,
935 2360 1005 2418 ibid.
1028 2358 1116 2419 aliter
1138 2359 1229 2420 editus
1251 2383 1305 2445 pro
1326 2362 1428 2438 editur,
1452 2386 1516 2444 cap.
1541 2364 1570 2426 4.
1595 2362 1738 2438 tendente,
1760 2385 1825 2445 cap.
1850 2373 1898 2424 to.
1920 2359 1998 2443 quod
2019 2357 2122 2418 multi-

518 2464 646 2524 tudinem
669 2489 752 2526 noua
776 2463 931 2542 Ienabcnt,
961 2470 1009 2527 cui
1031 2465 1148 2526 lutabat
1170 2470 1424 2543 substituendum,
1454 2492 1518 2552 cap.
1552 2473 1599 2532 14.
1630 2469 1760 2531 omnibus
1787 2493 1849 2527 eum
1871 2467 2011 2552 fructum
2033 2466 2124 2552 officii

518 2591 573 2654 pro
587 2567 731 2652 ficticium
754 2571 868 2656 officiis,
892 2593 956 2652 cap.
978 2570 1029 2632 24.
1049 2571 1208 2655 effusione
1229 2574 1354 2646 aurium,
1378 2595 1442 2654 cap.
1465 2583 1516 2638 27.
1540 2572 1581 2654 ad
1596 2571 1831 2633 circumeundam
1852 2575 2017 2652 graeciam,
2042 2569 2123 2650 quod

520 2688 649 2758 praestat
667 2673 800 2757 vulgato,
822 2696 887 2758 cap.
910 2680 961 2734 31.
986 2672 1028 2733 ad
1049 2690 1193 2750 cateruas,
1216 2698 1279 2756 cap.
1303 2681 1354 2738 36.
1375 2694 1401 2738 et
1423 2704 1443 2738 a
1466 2679 1587 2740 tribunis
1607 2677 1776 2761 postulauit,
1800 2702 1864 2761 cap.
1888 2687 1938 2742 88.
1962 2701 2019 2738 non
2041 2681 2124 2736 unius

518 2786 549 2842 in
572 2781 627 2841 boc
647 2777 749 2861 pauli,
773 2801 836 2858 cup.
861 2784 911 2840 39.
935 2778 1002 2836 duci
1024 2781 1053 2836 in
1076 2778 1221 2857 triumpho
1244 2781 1399 2850 mauoltis,
1428 2805 1493 2860 asp.
1515 2783 1567 2842 42.
1588 2785 1737 2838 inuisitate
1752 2799 1826 2840 ante
1846 2783 2071 2860 magnitudinis,
2096 2799 2125 2844 et

520 2908 584 2967 cop.
603 2889 657 2948 43.
688 2879 837 2946 transtulit
867 2883 897 2937 in
926 2879 1090 2962 triumpb03
1122 2881 1230 2940 deinde
1258 2882 1347 2958 XLI,
1375 2892 1421 2944 I5.
1448 2883 1525 2940 iecur
1552 2905 1635 2941 omne
1664 2881 1919 2942 inenarrabilitate
1941 2885 2125 2968 absumptum

519 3010 574 3072 pro
603 2991 681 3045 iecur
712 3007 795 3044 omne
823 2982 1019 3042 inenarrabili
1048 2983 1113 3044 tabe
1136 2984 1334 3066 absumptum,
1363 3007 1426 3065 oap-
1449 2995 1499 3046 20.
1523 2989 1639 3065 magnis
1659 2985 1778 3066 praedis
1801 3008 1855 3069 pro
1878 2994 1994 3067 magnis
2014 2997 2124 3072 pretiis,

520 3115 585 3174 cap.
608 3096 658 3150 23.
680 3103 819 3172 quantum
843 3091 917 3146 enirn
940 3085 1075 3170 interfuit
1088 3086 1191 3172 fietus
1220 3109 1274 3170 pto
1302 3103 1441 3171 quantum
1465 3092 1539 3148 enim
1564 3091 1702 3174 interfluit
1719 3089 1847 3174 fretum,
1871 3093 1967 3168 XLII,
1995 3105 2041 3158 18,
2057 3097 2123 3182 fa.

519 3200 620 3282 tigatis
641 3220 704 3278 seps
724 3192 801 3252 idem
822 3191 944 3274 petendo
966 3208 1097 3250 senatum
1120 3213 1174 3273 pro
1184 3191 1356 3275 fatigantes
1381 3215 1464 3272 saepe
1486 3192 1561 3252 idem
1581 3193 1703 3273 petendo
1724 3209 1865 3270 senatum,
1884 3207 2013 3278 cap.29,
2034 3225 2124 3261 man.

520 3325 634 3363 surosse
663 3321 717 3382 pro
746 3321 902 3356 mansuras
932 3321 977 3354 res
999 3315 1074 3369 esse,
1104 3319 1168 3376 cap.
1194 3300 1244 3355 35.
1275 3300 1438 3378 praemissa
1469 3295 1667 3380 appellatione
1696 3321 1750 3381 pro
1773 3301 1893 3358 remisso
1916 3299 2124 3384 appellatione,

523 3429 586 3488 cap.
609 3404 660 3464 42.
681 3427 746 3461 cum
768 3402 898 3460 exercitu
920 3423 1008 3458 messe
1030 3398 1157 3458 adicitur
1179 3420 1233 3480 pro
1254 3423 1318 3458 etim
1341 3405 1470 3461 exercitu
1492 3427 1538 3460 me
1560 3405 1614 3460 isse
1636 3401 1783 3476 adiicitur,
1807 3400 1923 3482 XLIV,
1940 3412 1968 3466 5.
1991 3407 2033 3466 ibi
2045 3409 2128 3472 ualle

522 3532 577 3594 pro
598 3508 640 3580 ibi
660 3503 757 3582 uallo,
782 3527 846 3586 cap.
871 3511 898 3566 7.
921 3506 1044 3584 imperia
1058 3501 1210 3586 frumenti
1232 3507 1346 3588 copiam
1370 3502 1459 3588 serre
1488 3527 1543 3587 pro
1573 3509 1603 3564 in
1626 3503 1722 3566 Pieria
1738 3504 1889 3589 frumenti
1911 3513 2026 3592 copiam
2039 3511 2126 3596 sore,

523 3639 588 3698 cap.
610 3623 639 3678 8.
662 3613 793 3672 manenti
814 3612 937 3692 imperia
961 3630 1015 3692 pro
1034 3614 1164 3670 monenti
1185 3612 1216 3669 in
1240 3609 1348 3686 Pieria,
1373 3635 1436 3694 cap.
1461 3622 1512 3676 26.
1534 3615 1635 3672 satisse
1656 3631 1711 3692 pro
1731 3614 1803 3670 satis
1826 3623 1893 3684 esse,
1917 3635 1980 3694 cap.
2004 3619 2054 3674 30.
2074 3641 2127 3696 per

523 3724 655 3798 remissos
673 3721 785 3776 nuntios
808 3736 862 3798 pro
881 3739 933 3797 per
953 3718 1129 3797 praemissos
1151 3720 1273 3789 nuutios,
1297 3737 1360 3798 cap.
1375 3721 1424 3776 38.
1449 3741 1532 3776 onere
1546 3713 1664 3800 fessum
1678 3736 1733 3795 pro
1753 3738 1836 3795 opere
1850 3713 1978 3796 sessum,
2001 3720 2127 3799 capii.

522 3824 670 3908 elepantos
697 3819 796 3880 induci
818 3835 843 3876 et
866 3816 945 3878 alias
965 3821 1110 3878 sociorum
1133 3841 1186 3901 pro
1209 3817 1373 3902 elephantos
1404 3818 1513 3880 inducit
1539 3834 1564 3877 et
1595 3815 1662 3877 alas
1683 3821 1837 3890 sociorum,
1862 3818 1959 3894 XLV,
1984 3829 2013 3886 7.
2037 3820 2127 3884 donec

524 3954 544 3989 a
568 3911 682 3990 consule
709 3922 824 3982 lictores
854 3924 995 3980 misissent
1024 3926 1073 4004 qui
1101 3939 1242 3982 summoto
1271 3927 1324 3983 iter
1354 3923 1396 3983 ad
1422 3927 1600 4005 praetorium
1615 3921 1758 4007 facerent
1779 3943 1834 4005 pro
1858 3921 1947 3982 eloneo
1970 3947 1990 3982 a
2012 3924 2127 3986 consede

524 4031 641 4092 lictores
663 4029 744 4086 missi
766 4040 871 4099 essent,
903 4027 951 4106 qui
972 4043 1115 4086 summoto
1145 4031 1197 4086 iter
1226 4028 1267 4088 ad
1286 4031 1463 4110 praetorium
1479 4027 1638 4111 facerent,
1667 4048 1729 4107 cap.
1759 4033 1806 4088 13.
1835 4023 2008 4108 adfuturum
2033 4054 2127 4108 regem

520 4134 616 4220 fuisse
642 4151 696 4213 pro
728 4128 892 4188 adiuturum
926 4153 1018 4210 regem
1040 4129 1155 4212 senisse,
1179 4155 1242 4214 cap.
1275 4139 1323 4192 15.
1341 4133 1430 4216 filius
1459 4135 1633 4216 quinquenni
1659 4134 1756 4190 maior
1785 4155 1824 4188 een
1851 4147 1949 4188 senatu
1972 4153 2026 4214 pro
2045 4133 2128 4214 filius

525 4237 699 4322 quinquenni
720 4235 818 4291 maior
840 4256 880 4290 ecc
901 4257 930 4290 se
952 4249 1048 4307 natus,
1073 4258 1137 4316 cap.
1160 4241 1209 4295 16.
1233 4262 1275 4296 res
1297 4254 1322 4295 et
1345 4236 1422 4297 bello
1444 4235 1577 4294 turbatas
1599 4252 1624 4293 et
1646 4250 1753 4294 statum
1776 4231 1870 4292 alium
1892 4259 1932 4293 esc
1947 4237 2127 4318 regnofor-

525 4341 654 4403 mandas
675 4358 729 4422 pro
752 4361 796 4394 res
819 4351 843 4394 et
866 4334 943 4395 bello
966 4338 1099 4397 turbatas
1121 4354 1147 4396 et
1169 4344 1197 4398 in
1220 4357 1327 4400 statum
1350 4339 1441 4400 alitem
1465 4364 1505 4400 er
1526 4363 1612 4420 regno
1626 4337 1826 4422 formandas,
1849 4359 1912 4419 cap.
1937 4347 1986 4400 25.
2010 4343 2129 4402 maiora

524 4438 612 4522 pulso
641 4441 665 4495 is
696 4438 816 4522 nomina
847 4453 915 4496 esset
937 4458 992 4520 pro
1018 4442 1116 4500 maior
1138 4463 1158 4498 a
1181 4440 1297 4523 repulsa
1319 4447 1481 4523 ignominia
1510 4459 1595 4516 esset,
1619 4467 1682 4524 sup.
1707 4451 1757 4506 27.
1779 4441 1983 4522 uisendarnquc
2005 4441 2129 4504 nobilita
2189 4477 2191 4482 ·

513 4541 617 4627 samii
640 4543 788 4600 maiorum
812 4542 929 4601 uteribus
953 4561 1073 4625 accepto
1100 4562 1164 4604 sunt
1194 4567 1248 4627 pro
1279 4547 1449 4633 visendaque
1472 4575 1545 4633 quae
1573 4549 1729 4610 nobilitata
1753 4547 1847 4633 fama
1870 4549 1988 4606 maiora
2011 4548 2128 4608 auribus

527 4662 648 4730 accepta
670 4662 753 4719 sunit,
776 4647 845 4708 ibid.
866 4665 945 4708 uates
969 4653 1097 4710 anticum
1119 4674 1173 4734 pro
1195 4668 1272 4712 vates
1295 4656 1443 4736 antiquus,
1473 4677 1536 4736 cap.
1559 4664 1610 4718 29.
1634 4651 1764 4714 tribunal
1784 4666 1926 4712 summoto
1950 4650 2052 4712 additu
2073 4675 2128 4736 pro

528 4751 658 4813 tribunal
680 4768 821 4812 summoto
845 4752 968 4830 aditum,
993 4777 1055 4838 cap.
1080 4755 1131 4822 42.
1156 4753 1246 4836 legati
1268 4772 1350 4814 trans
1372 4776 1426 4837 pro
1447 4755 1538 4836 legati
1559 4772 1624 4834 tres,
1648 4780 1712 4839 cap.
1729 4757 1778 4817 43.
1801 4755 1874 4816 locis
1889 4759 2130 4838 monumentisque
