4770 5994
1870 713 1920 785 ts

392 873 474 958 (lep.
505 871 583 935 XV.
623 885 744 958 qnanta
772 869 889 936 enimin
918 867 1085 936 eeleritate
1113 875 1255 958 poterat]
1283 869 1368 936 Cael.
1401 883 1530 968 perarata
1561 873 1683 939 erimn.
1735 873 1918 962 Vulgatnn'a

307 977 384 1042 lcrri
407 977 533 1065 nciprit.
581 975 759 1062 Propterea
777 973 926 1038 llluretus
943 986 976 1040 et
996 973 1196 1058 Gronovius,
1221 975 1467 1068 obsecundante
1485 977 1766 1060 Drakenlrorelrio,
1782 1001 1821 1042 cx
1842 1003 1920 1042 eorr-

307 1081 428 1146 ieetnra
453 1080 684 1145 restituerunt=
709 1087 836 1170 pnnnta
858 1081 1007 1142 maxima
1030 1079 1202 1145 celeritate
1222 1091 1369 1169 poterat.
1394 1081 1469 1147 Bc.
1488 1085 1530 1148 Β.
1573 1083 1743 1171 Scriptura
1759 1086 1859 1149 semel
1883 1086 1917 1148 in

308 1191 436 1274 quanti
459 1185 573 1246 oxima
593 1191 744 1267 corrupta
767 1180 862 1244 laeile
886 1180 1067 1270 inperante
1091 1185 1201 1248 eximo
1225 1184 1317 1250 alriit.
1336 1223 1379 1238 -··
1403 1185 1656 1272 adscensnrnm]
1678 1187 1761 1252 Cod.
1787 1213 1918 1254 encoen-

305 1311 441 1367 snrnm,
465 1309 549 1350 corr.
576 1285 806 1364 escenanrnni,
831 1283 919 1369 quod
943 1283 1066 1371 recepi.
1092 1287 1165 1352 BC.
1191 1289 1233 1353 Β.
1257 1326 1295 1338 -
1320 1289 1511 1378 Progressi]
1535 1292 1723 1356 Gronovius
1746 1291 1848 1376 vidit,
1870 1316 1918 1356 re·

307 1392 393 1456 clius
419 1389 521 1456 scribi
541 1391 745 1478 proepressi,
770 1385 859 1474 qood
882 1387 944 1450 iam
964 1387 1164 1470 Crevierius,
1180 1393 1413 1460 Lullemandns
1436 1407 1469 1460 et
1487 1395 1690 1481 Doeringins
1709 1401 1915 1482 receperunt.

306 1495 381 1562 BC.
407 1497 450 1560 Β.
485 1533 524 1544 -
556 1492 877 1580 Adscendeutibns]'
896 1492 980 1557 Cod.
1010 1497 1273 1564 escendentibus.
1325 1499 1390 1564 llic
1419 1523 1551 1587 quoqne
1580 1499 1702 1564 codicis
1732 1497 1916 1564 auctoritati

305 1601 483 1666 obsecutos
510 1622 594 1664 aram.
620 1598 695 1665 BC.
718 1601 761 1664 Β.
808 1599 859 1662 De
882 1597 1055 1662 verborum
1084 1599 1324 1686 compositione
1353 1600 1570 1688 adpreeeam
1601 1599 1873 1666 consuetudinem
1899 1621 1915 1658 a

305 1704 523 1792 scriptoribus
546 1703 657 1768 latinis
680 1705 878 1768 corilormata
896 1704 964 1766 vid.
984 1703 1129 1766 Gronov.
1154 1704 1193 1768 nd
1216 1703 1288 1768 loir.
1310 1706 1337 1786 l,
1353 1705 1387 1786 8,
1401 1706 1430 1771 5.
1453 1741 1493 1755 -
1514 1705 1651 1769 maceria
1673 1714 1741 1766 eret
1764 1703 1803 1764 nli
1826 1688 1934 1764 laeea'·

305 1810 440 1874 semitae
463 1807 607 1894 paullum
632 1817 763 1870 exstans
787 1829 804 1868 a
824 1805 1052 1888 tentamento]
1076 1805 1160 1869 Cod.
1184 1810 1310 1873 maceri
1330 1819 1405 1874 erat
1423 1809 1465 1872 nb
1493 1809 1581 1872 lenia
1603 1809 1754 1872 semitam
1777 1803 1917 1892 peculum

218 1982 223 1996 ,
305 1926 473 1980 citantem
497 1939 517 1976 n
540 1913 769 2000 firrrdnrnento.
818 1909 1018 1998 llocringins
1043 1911 1156 1976 recline
1173 1913 1322 1997 pmdlnm
1344 1923 1480 1976 exstans
1504 1939 1524 1974 a
1544 1911 1773 1998 [eerrdmnentm
1799 1910 1840 1972 ita
1863 1931 1915 1970 ex-

307 2019 424 2106 plicata
449 2016 574 2100 „llaud
596 2016 695 2100 longe
716 2041 732 2078 a
750 2015 975 2094 lirrrrlnmento,
1000 2015 1052 2078 eni
1071 2023 1296 2100 superstructo
1317 2012 1392 2090 t'uit,
1415 2013 1617 2100 prominens,
1640 2013 1672 2074 la.
1695 2033 1724 2074 e.
1741 2009 1915 2074 humilis.“

303 2123 408 2188 Recte
431 2119 577 2208 quidem,
600 2118 629 2184 si
653 2119 731 2184 hacc
753 2141 825 2182 cnm
848 2119 1020 2204 Grprrnco,
1045 2119 1098 2182 eui
1121 2115 1219 2182 lectio
1244 2105 1383 2182 exstans
1402 2115 1552 2196 debetur,
1575 2115 1613 2178 ad
1639 2114 1808 2180 maceriam
1832 2125 1916 2177 retu·

304 2226 397 2292 leris.
442 2223 499 2289 Sic
523 2221 612 2286 Plio.
640 2221 727 2286 llist.
752 2219 829 2286 Nat.
855 2219 916 2302 Vl,
939 2219 991 2282 22.
1024 2219 1178 2306 aedificia
1207 2221 1333 2284 modice
1364 2219 1405 2284 nb
1436 2219 1534 2284 Immo
1559 2221 1727 2284 exstirntia
1751 2217 1913 2282 dicuntur.

305 2334 353 2396 At
374 2352 475 2418 quarm
498 2326 642 2390 latrones
664 2322 697 2386 in
722 2322 938 2410 sequentium
960 2334 1037 2409 post
1060 2323 1230 2388 inaceriam
1254 2347 1288 2386 se
1309 2321 1476 2386 abdidisse
1501 2323 1663 2400 dicnntnr,
1687 2320 1844 2408 gradibus
1863 2317 1915 2382 ad·

304 2432 451 2514 structis,
468 2442 503 2494 nt
526 2453 566 2494 ex
589 2453 640 2510 en,
658 2428 746 2492 velut
768 2451 807 2492 ex
830 2451 934 2506 cirino,
958 2428 1020 2492 tela
1043 2426 1074 2490 in
1091 2427 1270 2492 Eurncuem
1294 2441 1556 2516 praetereuntem
1580 2425 1794 2508 coniiccrent,
1818 2437 1916 2510 atqne

303 2536 465 2628 paullum,
491 2533 524 2598 id
548 2533 635 2620 quod
660 2529 900 2616 llensinperus,
926 2531 983 2618 qni
1004 2554 1064 2619 per
1085 2532 1235 2596 :iemlicle
1257 2531 1341 2596 neele
1363 2533 1597 2620 interpretatos
1621 2543 1685 2612 cst,
1701 2531 1766 2594 sibi
1787 2551 1916 2616 persua·

305 2640 389 2706 sisse
411 2637 558 2718 videtur,
587 2659 646 2724 pro
669 2635 878 2723 aliquantum
897 2636 975 2722 poni
997 2649 1158 2722 nequeat,
1183 2637 1268 2700 linae
1296 2635 1401 2700 locum
1426 2659 1442 2700 a
1464 2637 1614 2721 Grynaeo
1636 2634 1780 2698 noridmn
1806 2655 1916 2720 persa·

303 2754 416 2808 uatum
439 2763 531 2812 esse,
561 2737 655 2798 focile
680 2735 887 2818 intelligitur.
935 2736 1115 2821 Propterea
1137 2739 1234 2822 olim,
1265 2763 1365 2826 quum
1390 2741 1430 2804 de
1453 2739 1578 2804 codicis
1610 2738 1773 2824 scriptura
1797 2736 1917 2800 certior

305 2849 411 2914 laetus
436 2864 554 2922 essem,
578 2837 690 2926 paullo
713 2837 868 2900 audacius
892 2837 1030 2924 scripsi:
1055 2844 1199 2906 eieceria
1231 2853 1305 2906 erat
1332 2843 1373 2906 ab
1405 2843 1503 2908 laeua
1529 2845 1666 2908 semitae
1690 2839 1839 2926 perillum
1861 2861 1917 2902 ex·

304 2950 437 3028 stantis,
461 2945 494 3010 id
517 2956 568 3008 est
591 2941 717 3006 riiodice
742 2941 972 3026 prominentis,
1000 2967 1020 3004 e
1042 2945 1280 3028 {innlnmentm
1305 2967 1353 3009 sc.
1376 2945 1552 3023 maceriae,
1576 2969 1644 3037 pne
1666 2945 1789 3032 ainpnli
1809 2954 1915 3008 troies·

304 3059 405 3134 irent,
430 3047 520 3137 qnod
542 3069 649 3132 neque
673 3043 1027 3130 Barrmgortendlrosio
1050 3067 1157 3132 neque
1177 3047 1325 3114 Bellero
1348 3047 1484 3134 placuit.
1528 3045 1628 3112 Nunc
1651 3045 1754 3134 igitur
1771 3044 1915 3110 scribere

198 3139 201 3146 ¹
304 3157 434 3226 malim:
454 3153 603 3216 maceria
621 3159 694 3212 erat
718 3148 758 3210 nb
783 3148 897 3228 laevir,
919 3149 1035 3210 cernito
1056 3149 1207 3234 paullum
1229 3163 1381 3216 exstante
1402 3177 1423 3214 a
1441 3149 1677 3236 solidamento,
1702 3173 1769 3244 qua
1790 3149 1916 3238 sinpuli

305 3259 506 3335 transirent,
529 3253 638 3342 quod,
665 3251 742 3316 lieet
762 3251 934 3332 librarius,
960 3250 1017 3336 qni
1042 3250 1138 3318 etiarn
1162 3251 1291 3335 xciv,
1316 3253 1367 3316 39.
1390 3256 1534 3341 panium
1558 3255 1699 3320 alteram
1720 3277 1780 3340 pro
1800 3257 1915 3341 patria

304 3363 414 3428 altera
436 3357 590 3446 scripsit,
612 3379 678 3420 noo
700 3359 819 3420 semite'r
842 3367 874 3418 ct
896 3362 1050 3436 extanti,
1074 3353 1133 3418 scd
1154 3359 1306 3420 semitam
1335 3367 1367 3420 et
1397 3367 1564 3422 extantem
1589 3357 1752 3445 posuerit,
1778 3358 1914 3444 propius

305 3479 412 3532 tamen
434 3460 475 3524 ad
497 3459 622 3523 codicis
649 3459 845 3542 scripturam
865 3457 1003 3522 accedit.
1029 3495 1067 3506 —
1090 3457 1210 3541 diruta]
1236 3457 1324 3522 llnie
1347 3483 1386 3522 ex
1410 3458 1591 3524 certissima
1612 3461 1738 3524 Dnleri
1766 3462 1914 3526 cruenda-

307 3570 396 3633 tione
425 3562 584 3628 substitui
612 3563 765 3648 derneptn.
791 3561 864 3626 BC.
889 3563 931 3626 Β.
984 3561 1158 3626 Contrario
1189 3563 1318 3640 librarii
1345 3581 1453 3626 errore
1472 3559 1601 3644 XMV,
1624 3563 1654 3623 8.
1681 3575 1858 3650 prorutam
1881 3565 1914 3627 ia

303 3677 466 3757 prorupta
496 3673 654 3728 mutatum
685 3675 745 3726 cst.
792 3662 866 3726 Lir.
891 3663 991 3746 xxi,
1015 3665 1068 3728 36.
1100 3663 1192 3728 locas
1221 3667 1348 3730 recenti
1377 3665 1473 3750 lapsu
1496 3675 1606 3730 terrere
1627 3667 1803 3752 inperium
1824 3669 1915 3734 mille

304 3771 482 3836 admodum
503 3769 714 3832 altitudinem
737 3769 898 3854 nln'nptns
915 3767 1046 3832 dicitur.
1073 3805 1110 3816 -
1135 3771 1331 3834 ciremnl'nsa
1353 3771 1463 3854 turba]
1479 3771 1570 3836 llaec
1591 3773 1688 3835 rerba
1713 3797 1777 3834 non
1793 3775 1912 3862 primo,

303 3877 338 3942 id
368 3873 459 3964 quod
488 3873 721 3959 Heusingerus
752 3873 815 3940 silai
846 3875 1029 3961 persuasit,
1062 3877 1120 3940 scd
1146 3887 1240 3940 sexto
1270 3897 1348 3940 casu
1378 3887 1455 3942 sunt
1483 3875 1604 3964 posita.
1650 3874 1850 3962 Propterea,
1880 3890 1915 3941 ut

303 3981 440 4048 verbum
459 3977 662 4066 procedebat
682 4001 748 4040 uon
772 3977 813 4040 ad
836 3977 963 4041 turbam
981 3979 1158 4042 amicorum
1180 4003 1218 4044 ac
1240 3977 1431 4060 satellitum,
1455 3977 1513 4042 sed
1536 3977 1576 4042 ad
1602 3977 1780 4044 Eumenem
1803 4003 1913 4068 regern

304 4084 497 4164 referretur,
521 4082 608 4146 trusae
631 4079 739 4146 locum
761 4079 803 4144 ita
828 4079 984 4146 distinxit
1008 4084 1125 4148 Prima
1149 4107 1169 4146 a
1191 4085 1298 4160 mori,
1324 4079 1525 4166 circumfusa
1549 4080 1648 4145 curta
1670 4085 1851 4150 amicornm
1874 4110 1914 4154 ac

199 4197 205 4206 '
302 4185 497 4268 satellitum,
517 4181 733 4274 procedebat.
758 4181 834 4250 BC.
879 4185 937 4250 Sic
960 4190 1057 4252 ctiam
1080 4183 1248 4248 Plutarch.
1274 4183 1316 4246 de
1338 4183 1480 4247 lratcruo
1503 4205 1613 4246 amore
1636 4205 1706 4270 cap.
1731 4183 1781 4248 18.
1813 4183 1845 4252 oi
1877 4189 1914 4256 δὲ

304 4285 384 4376 περὶ
402 4285 559 4376 Δελφοὺς
578 4281 762 4373 ἐνήδρευον,
786 4285 983 4372 αἰσθόμενοι
1005 4287 1238 4374 βαδίζοντα
1262 4285 1347 4374 πρὸς
1369 4283 1424 4348 τὸν
1453 4283 1535 4349 θεὸν
1562 4278 1646 4352 ἀπὸ
1676 4290 1913 4380 θαλάσσης.

302 4430 344 4444 -
368 4416 441 4458 cnm
463 4414 529 4478 quo
553 4391 724 4456 institutus
747 4394 819 4479 regi
847 4419 953 4460 sermo
982 4387 1065 4470 erat]
1088 4393 1172 4459 (lod.
1198 4403 1231 4457 ct
1255 4389 1355 4456 Frob.
1383 4391 1412 4454 l.
1438 4395 1527 4481 repis
1546 4417 1664 4461 seiano.
1713 4399 1785 4466 lloe
1807 4403 1839 4469 in
1861 4433 1913 4474 co.

303 4497 377 4562 dice
406 4519 539 4584 quoque
571 4497 727 4584 reperiri,
752 4494 943 4586 llopitarius
974 4525 1032 4588 per
1062 4497 1172 4564 literas
1204 4495 1284 4562 milii
1314 4495 1524 4582 significavit.
1571 4499 1750 4588 anpatum
1775 4490 1914 4578 debetur

306 4603 509 4668 vascosano.
554 4599 606 4666 De
629 4603 692 4668 hoc
722 4605 927 4694 corruptelae
955 4631 1075 4694 penore
1098 4605 1165 4670 vid.
1191 4603 1364 4664 Annotatt.
1388 4599 1428 4664 ad
1451 4599 1523 4666 Liv.
1548 4601 1718 4689 XXXlll,
1740 4607 1772 4674 6.
1799 4635 1833 4698 p.
1860 4615 1912 4681 15.

302 4706 469 4772 -altero
493 4703 647 4769 homerus
671 4705 811 4792 sopitus.
843 4731 882 4770 cx
910 4709 1022 4776 sernita
1047 4705 1186 4799 proclivi
1214 4703 1246 4768 in
1278 4700 1416 4800 declive]
1447 4703 1530 4770 cot.
1561 4707 1668 4775 altera
1698 4737 1833 4782 uramara
1863 4743 1936 4827 arr-p

301 4811 392 4898 pitres
414 4813 473 4904 apd
498 4813 622 4878 exemit
640 4835 661 4876 a
680 4811 838 4900 proclinit
853 4815 888 4876 in
916 4813 1054 4878 decline.
1103 4812 1140 4876 lo
1162 4820 1314 4896 eorrirpta
1331 4806 1456 4874 codicis
1479 4811 1642 4900 scriptura
1665 4815 1838 4885 lectionem
1861 4840 1934 4890 ve-'

1656 4933 1702 5000 fi!
