4814 5970
1884 704 1935 786 89

318 886 446 953 precra.
473 900 510 916 —-
530 891 547 930 r
567 859 720 952 Subotis]
743 860 827 929 Cnd.
844 883 885 932 so
906 858 1044 928 rabotis'.
1085 862 1267 955 Propterea
1286 865 1322 932 in
1342 866 1442 932 alters
1462 865 1550 936 livii
1573 849 1719 937 editione
1735 871 1779 939 ub
1795 868 1934 942 Subotis

317 973 449 1066 scripsi.
486 1005 524 1020 ·-
559 969 787 1057 aperuissent]
817 965 902 1032 cot.
926 969 1181 1056 apparuissent,
1209 967 1310 1036 Frob.
1333 969 1364 1034 1.
1388 975 1615 1061 apparuisset,
1638 972 1729 1063 quod
1751 973 1932 1041 Turnebus

315 1087 405 1142 recte
438 1077 471 1138 in
508 1075 716 1160 aperuissent
748 1069 906 1151 mutavit,
946 1070 1136 1155 prraescrtiru
1173 1095 1275 1160 qrrrrru
1315 1077 1548 1162 apparuissent
1578 1075 1612 1140 iu
1642 1077 1757 1142 codice
1787 1075 1930 1164 legatur.

315 1177 468 1242 Ceterum
492 1177 523 1240 in
548 1171 699 1240 Turnebi
720 1171 843 1259 puriter
863 1195 899 1234 rc
922 1169 1182 1237 Drakenborcbii
1204 1173 1427 1258 annotatione,
1454 1175 1488 1240 id
1511 1176 1601 1265 quod
1623 1161 1805 1264 llupcrtins
1821 1177 1931 1243 omnir

313 1292 503 1372 pervertens
526 1299 590 1342 noo
615 1275 716 1356 vidit,
740 1276 955 1363 apertsissrrst
974 1293 1034 1359 pro
1057 1273 1242 1359 aperuisset
1263 1274 1485 1339 scribendum.
1511 1313 1551 1323 -
1573 1277 1690 1364 partim
1716 1297 1834 1342 nervos
1856 1291 1930 1342 suc·

314 1379 487 1464 ciderunt]
511 1377 692 1444 Ernestins
715 1375 749 1440 in
773 1375 885 1440 Gloss.
910 1373 984 1438 Liv.
1010 1397 1038 1438 s.
1062 1395 1092 1437 v.
1120 1399 1220 1461 pars:
1247 1375 1433 1460 „Debebat
1456 1401 1529 1444 esse
1549 1383 1676 1466 portu,
1698 1403 1746 1446 sc.
1771 1382 1929 1445 eor·nm.“

313 1483 411 1550 llaud
440 1483 510 1568 scio
534 1503 575 1545 nn
602 1479 635 1544 in
662 1480 762 1545 alters
785 1478 874 1544 Livii
902 1477 1049 1543 editione
1077 1481 1198 1548 rectius
1226 1487 1319 1568 parti
1340 1483 1542 1572 scripserim.
1588 1485 1743 1550 Aliorum
1764 1485 1927 1567 locorum,
1998 1533 2005 1548 .

313 1589 370 1654 nbi
397 1590 523 1674 purtim
553 1608 628 1651 corn
657 1583 804 1670 genitivo
834 1583 972 1672 pluralis
1001 1585 1130 1650 numeri
1154 1584 1322 1673 iungitur,
1351 1587 1479 1652 diversa
1503 1599 1554 1652 est
1578 1586 1673 1652 ratio.
1703 1587 1756 1652 Cl.
1782 1585 1928 1674 lleisigii

314 1691 459 1760 Grrmm.
492 1689 568 1755 Lat.
593 1711 626 1776 p.
649 1685 723 1751 324.
756 1724 794 1736 -
824 1686 944 1774 viginti
975 1687 1113 1752 eximiae
1144 1709 1248 1777 equor
1279 1689 1421 1776 formae]
1457 1688 1554 1752 Haud
1576 1690 1645 1753 scio
1669 1712 1729 1770 an,
1755 1689 1926 1755 vocabulis

309 1795 536 1884 transpositis,
555 1797 675 1886 uipinti
693 1796 835 1860 eximius
856 1793 984 1882 somnae
1006 1817 1109 1887 epiros
1129 1794 1174 1860 sit
1196 1791 1419 1857 scribendum.
1438 1829 1476 1841 -
1499 1791 1639 1857 reversis
1656 1790 1767 1855 dcccnr
1789 1786 1925 1874 lembis]

311 1898 395 1964 Cod.
428 1902 571 1988 inpressi
590 1923 652 1963 sea·
675 1897 801 1964 lembis.
847 1895 1031 1984 Utranrqac
1063 1896 1187 1962 librarii
1220 1921 1381 1982 errorem,
1413 1919 1510 1987 quem
1533 1897 1733 1984 praecedens
1755 1900 1928 1986 progressi

309 2018 390 2073 susat
411 2017 444 2069 rt
467 2017 541 2068 rrota
563 2029 608 2085 x,
637 2027 700 2091 qne
723 2024 877 2095 numerus
910 2001 1062 2066 denarius
1091 1999 1271 2090 significari
1298 2002 1401 2085 solet,
1431 2000 1623 2089 praebuisse
1650 2000 1821 2082 ridentur,
1842 1999 1926 2087 Grp·
2053 2018 2064 2048 ι

310 2137 409 2178 naeus
433 2133 502 2177 rusa
523 2110 656 2199 quidem
682 2109 865 2190 sententia,
888 2131 989 2196 quum
1020 2109 1132 2174 decem
1156 2107 1283 2174 lembos
1312 2107 1345 2172 in
1378 2107 1606 2174 blnccdonionr
1632 2107 1750 2172 missos
1781 2129 1853 2172 csse
1883 2131 1924 2172 ex

310 2214 583 2303 praecedentibus
612 2209 833 2296 intelligatur,
858 2209 999 2296 ideoque
1023 2214 1165 2275 reuersis
1188 2235 1248 2275 sex
1270 2211 1384 2276 lembis
1408 2212 1507 2276 scribi
1533 2223 1686 2300 nequeat,
1708 2210 1925 2299 probabiliter

310 2317 487 2384 admodum
513 2315 666 2380 correxit.
691 2350 730 2360 -
754 2313 886 2400 Aegeo]
910 2313 994 2378 Cod.
1017 2313 1144 2402 aspele.
1193 2313 1258 2379 llic
1280 2337 1426 2403 quoqne,
1450 2327 1486 2378 ut
1506 2313 1605 2397 alibi,
1627 2315 1766 2402 Aspara
1790 2311 1921 2400 scripsi.

310 2423 386 2488 Bc.
408 2422 452 2487 Β.
500 2417 634 2483 Graecis
656 2418 742 2482 enim
766 2413 915 2502 Αἰγαῖον
937 2415 1083 2502 πέλαγος
1106 2415 1238 2481 ιΙίιίιιιι.

394 2573 477 2660 Cup.
501 2570 634 2636 XXlX.
659 2569 809 2635 inducias
833 2567 994 2656 religione
1017 2567 1082 2632 loci
1105 2532 1303 2656 [ιιιιΙιειιιι]ι
1320 2569 1526 2636 Vocabulum
1550 2572 1616 2636 loci
1636 2571 1669 2635 in
1691 2569 1832 2636 Bclrlsrri
1855 2569 1923 2636 edi·

309 2683 397 2746 tionc
421 2679 616 2768 typographi
641 2677 845 2764 negligentia
868 2676 1026 2740 omissum
1050 2687 1112 2740 est.
1130 2713 1173 2726 --
1196 2675 1318 2761 quibus
1342 2683 1483 2760 poterat,
1497 2671 1664 2760 Popillius
1686 2687 1742 2738 urst
1762 2677 1921 2744 Eumenis

307 2807 407 2850 navus
442 2782 679 2860 subcorrebst]
712 2779 780 2841 lam
811 2776 1015 2861 Docriirgius
1047 2774 1249 2840 Gronovium
1282 2783 1416 2836 secutus
1444 2784 1603 2859 poterant
1624 2786 1657 2840 et
1676 2777 1923 2844 srrccurrebunt

306 2885 444 2974 recepit.
469 2882 544 2950 ΒΟ.
568 2886 611 2948 Β.
657 2879 891 2946 Lallcmrndus
916 2890 948 2944 ct
968 2877 1163 2967 Rupertius,
1187 2875 1299 2962 quiet
1321 2874 1387 2962 ipsi
1411 2875 1578 2975 Gronorin
1601 2877 1792 2946 obsecuturi
1815 2893 1921 2967 erant,

307 2993 352 3058 ita
374 2997 606 3079 peccaverunt,
629 2998 664 3052 nt
684 2996 819 3073 poterut
837 2983 1027 3048 retinerent.

391 3142 475 3231 Cap.
498 3139 615 3206 XXX.
640 3139 784 3228 novique
807 3137 907 3200 duces
932 3135 965 3200 iu
989 3130 1189 3222 provinciam
1212 3129 1380 3212 venerunt]
1402 3127 1500 3193 llaud
1517 3129 1587 3194 scio
1609 3151 1650 3194 ιιι
1674 3135 1709 3198 ia
1728 3138 1922 3220 provincius

307 3251 350 3316 sit
372 3247 659 3314 scribendum.-
684 3237 890 3332 Epicadum]
920 3241 989 3304 Cnr
1010 3238 1179 3304 Belalrcrus
1204 3231 1256 3296 bic
1281 3253 1452 3318 perperam
1475 3233 1642 3300 Picadum
1672 3247 1705 3301 et
1726 3237 1809 3302 inira
1831 3253 1920 3306 recte

305 3353 480 3441 Epicadus
503 3349 687 3438 scripserit,
710 3369 775 3410 uon
800 3346 915 3434 liquet.
971 3341 1090 3407 Editor
1118 3335 1362 3406 cruditissimus
1383 3334 1578 3402 dormitasse
1601 3339 1809 3406 videtum-
1767 3343 1921 3410 -simi

304 3459 392 3542 lios]
415 3455 499 3518 Cod.
523 3454 706 3534 simillium,
729 3449 819 3538 quod
840 3461 948 3532 recte,
973 3458 1009 3511 ut
1031 3445 1171 3534 opinor,
1195 3440 1228 3505 iu
1253 3441 1455 3506 simillimum
1478 3443 1611 3507 mutavi.
1630 3445 1705 3512 BC.
1728 3448 1772 3513 Β.
1795 3487 1838 3498 --
1860 3473 1920 3537 per

306 3560 427 3627 missos
445 3555 600 3639 nuncios]
622 3553 705 3620 cot.
721 3577 785 3638 prr
806 3555 959 3616 remissos
982 3551 1129 3627 rrnrrtios,
1150 3541 1272 3631 quibus
1292 3565 1354 3628 prr
1370 3547 1571 3630 praemissos
1592 3550 1725 3614 nuntios
1748 3551 1917 3619 substitui,

305 3663 380 3731 BC.
404 3661 521 3726 Β.
549 3653 763 3738 Caravantis]
786 3651 869 3740 cod.
893 3650 1116 3730 coronandis,
1146 3645 1235 3735 quod
1263 3646 1430 3711 Bclrberns
1458 3647 1572 3713 nescio
1595 3671 1691 3736 quam
1716 3650 1758 3716 ob
1787 3675 1919 3721 crossen

304 3765 473 3858 praetulit.
518 3760 679 3826 Sinrilitcr
701 3755 811 3844 paullo
835 3764 909 3818 unte
933 3755 1153 3818 cnruundiurn
1175 3775 1233 3841 pro
1257 3751 1532 3818 Coravurrtiunr'
1525 3775 1557 3816 ιιι
1581 3751 1695 3820 codice
1716 3755 1848 3842 legitur.
1875 3797 1919 3812 -

305 3865 535 3946 Bullinorum]
568 3861 652 3928 cot.
684 3859 926 3938 bullaniorum,
951 3855 1039 3944 qnod
1063 3856 1235 3922 Grvnreus
1258 3878 1428 3943 perperam
1451 3855 1483 3918 in
1507 3857 1747 3924 Bulliuncrsrm
1767 3862 1917 3930 ruutrrit.

304 3973 486 4059 Vulgrturn
510 3962 774 4032 Draberrborcbii
795 3961 985 4048 diligentias
1006 3925 1223 4024 debctdrn-
1244 3957 1453 4041 Genusuum]
1476 3957 1558 4024 Cod.
1549 3983 1817 4058 ,praesumptam
1852 3963 1918 4029 Ηῐρ

189 4079 195 4086 ’
304 4092 338 4145 rt
360 4077 466 4158 inlrr,
495 4073 552 4138 ubi
583 4069 687 4136 codex
707 4089 906 4157 pecussum,
928 4075 961 4129 et
989 4061 1090 4130 Frob.
1114 4061 1144 4126 1.
1175 4060 1388 4128 Βιιιιιειιιιιιιι
1410 4061 1527 4141 ollcrt,
1555 4083 1666 4126 verum
1694 4043 1793 4130 bitur
1823 4065 1918 4136 fluvii
1980 4071 1986 4078 “

304 4123 619 4246 nomendlrnusum
648 4197 688 4238 ex
717 4171 814 4236 Coss.
844 4168 885 4233 B.
916 4167 1129 4252 (i.lll,7(i.
1160 4167 1513 4252 conuictumue.
1544 4167 1686 4234 restitui.
1710 4171 1786 4238 BC.
1807 4175 1850 4238 Β.
1873 4213 1916 4228 .-

304 4277 464 4348 adsumtis
488 4275 720 4339 l‘artbinorum
745 4271 923 4336 iuventutis
947 4216 1076 4336 duobtis
1097 4270 1266 4358 suillibus]
1288 4272 1372 4336 Cod.
1392 4275 1605 4359 paulinorum
1627 4275 1763 4340 fanano
1786 4277 1916 4348 derobm

244 4377 250 4388 ’
303 4383 461 4462 milibus,
491 4378 592 4442 Frob.
620 4377 648 4440 l.
673 4379 894 4444 Partirroruns
916 4376 1095 4440 ierorntrstis
1120 4375 1247 4440 duobus
1270 4375 1421 4456 milibus,
1446 4374 1607 4442 vocabulo
1629 4381 1803 4462 assumtis,
1827 4384 1916 4470 quod

303 4487 463 4578 Sigonius
486 4483 626 4566 addidit,
650 4484 683 4546 in
706 4482 820 4548 codice
843 4479 965 4570 pariter
986 4491 1085 4568 atquc
1107 4479 1251 4545 editione
1273 4477 1430 4568 principe
1446 4479 1581 4546 omisso.
1628 4479 1835 4568 Gronovius,
1860 4485 1916 4552 coi

304 4597 483 4664 obsecutus
505 4610 593 4668 suna,
608 4585 803 4652 vocabulum
826 4587 1019 4664 inventutis,
1041 4584 1130 4673 quod
1148 4583 1318 4670 Grynaeus
1342 4582 1467 4649 codicis
1486 4585 1667 4673 scripturae
1688 4589 1914 4655 irrorutnsub·

302 4700 425 4780 stituit,
446 4696 479 4759 iu
501 4693 625 4759 iuuetis
649 4688 797 4754 mutarit.
823 4687 898 4753 Bc.
912 4690 955 4752 Β.
987 4687 1091 4754 llccte
1114 4711 1154 4752 an
1181 4711 1364 4774 perperam,
1386 4710 1450 4750 non
1473 4685 1624 4754 dixerim.
1647 4725 1686 4740 -·
1709 4691 1916 4760 tradiderunt

302 4805 356 4888 sc]
371 4801 565 4868 ‚Pronomeu
590 4792 781 4884 liopitrrins
803 4791 839 4854 iu
861 4789 985 4856 codicis
1008 4791 1184 4859 collatione
1206 4791 1373 4858 omiserat.

1637 4911 1677 4975 12
