4770 5994
962 1303 1084 1418 [ΑΒ.
1115 1303 1231 1416 Xbl.

379 1595 459 1684 Cap.
482 1593 510 1658 1.
543 1595 601 1682 qui
632 1593 783 1659 tuendam
813 1592 929 1679 viginti
957 1591 1095 1658 navibus
1119 1593 1198 1658 mari
1220 1591 1389 1680 superiore
1411 1591 1601 1674 Anconam,
1624 1591 1715 1654 vetat
1737 1591 1903 1660 cardinem

288 1695 460 1781 baberent]
486 1695 536 1761 Ex
554 1696 736 1762 certissima
752 1693 929 1760 Fiorebeiii
952 1696 1004 1760 vel
1021 1699 1131 1784 potius
1150 1697 1271 1764 Mureti
1287 1696 1474 1763 coniectura
1490 1719 1563 1759 cum
1586 1691 1746 1782 Rupertio
1761 1697 1900 1784 scripsit

289 1804 349 1896 qui
372 1802 515 1866 tuendae
544 1802 662 1888 viqiuts'
690 1797 832 1863 navibus
855 1800 957 1861 maris
977 1805 1092 1886 superi
1114 1823 1193 1866 orue
1215 1801 1395 1864 Anconam
1418 1797 1512 1862 velut
1533 1797 1704 1862 cardinem
1726 1797 1900 1864 baberent.

288 1905 331 1967 B.
353 1901 530 1989 vulgatum
555 1906 655 1986 euim,
679 1901 758 1966 licet
780 1899 905 1964 Larcau.
932 1899 978 1982 ΙΙ,
1002 1899 1077 1980 400.
1102 1901 1238 1988 [ufer-asi
1258 1905 1438 1990 superique
1460 1902 1563 1964 mar-is
1584 1899 1722 1986 legatur,
1753 1901 1804 1966 vcl
1828 1925 1902 1989 pro-

289 2015 400 2090 pterea
423 2005 544 2070 servari
567 2003 696 2091 nequit,
718 2000 808 2090 quod
827 2000 947 2065 latinae
961 2003 1207 2084 consuetudini,
1226 2025 1267 2066 ex
1280 2025 1343 2088 qua
1360 2023 1447 2064 mare
1465 1999 1691 2066 Hadriaticum
1705 1999 1741 2066 et
1751 2003 1901 2075 Tuscum

288 2105 357 2168 sive
381 2107 588 2194 Tyrrhenum
610 2127 773 2194 nusquam
793 2127 887 2168 mare
908 2107 1062 2192 superius
1081 2115 1115 2167 et
1136 2101 1300 2188 iuferius,
1324 2102 1383 2168 sed
1413 2103 1537 2191 ubique
1564 2129 1658 2168 mare
1684 2127 1840 2194 superum
1868 2121 1903 2173 ct
2014 2095 2019 2105 ⁸

286 2203 433 2290 inferum
455 2203 587 2286 dicitur,
613 2213 725 2287 aperte
745 2212 919 2287 repugnat.
967 2201 1052 2284 Quis
1076 2201 1178 2288 igitur
1200 2203 1345 2285 Livium,
1370 2205 1428 2291 qai
1451 2217 1483 2269 et
1505 2204 1577 2294 ipse
1599 2205 1640 2288 V,
1658 2205 1710 2270 33.
1729 2207 1901 2296 utriusque
1977 2270 1982 2281 ‚

287 2305 386 2369 maris
409 2307 541 2370 uomina
561 2304 740 2392 expiicuns.
753 2308 843 2368 mari
863 2327 984 2390 supero
1007 2303 1182 2391 inferoque
1208 2301 1338 2388 posuit,
1372 2315 1405 2367 et
1435 2325 1502 2368 uou
1524 2305 1631 2370 soiuua
1657 2303 1768 2388 XLV,
1792 2305 1823 2368 2.
1855 2308 1903 2372 ad

285 2429 379 2472 mare
399 2431 566 2496 superum,
589 2406 767 2472 sedetiam
789 2404 866 2488 XL,
890 2404 943 2466 42.
970 2403 1124 2490 scripsitz
1149 2408 1208 2470 Ex
1230 2429 1334 2495 reque
1357 2409 1428 2470 eius
1450 2429 1562 2472 amares
1583 2430 1685 2472 naves
1706 2429 1789 2489 ease,
1813 2427 1903 2498 quae

285 2512 400 2594 superi
418 2515 521 2576 maris
544 2535 639 2578 arom
661 2511 880 2596 depopulatae
902 2519 1024 2588 assuat,
1043 2507 1103 2569 boc
1117 2505 1192 2570 doeo
1208 2509 1297 2570 muri
1312 2509 1486 2594 superiore
1504 2508 1669 2594 posuisse,
1687 2507 1751 2572 sibi
1768 2530 1902 2595 persua·

286 2605 355 2670 deri
380 2609 544 2694 patiatur?
588 2609 663 2674 flac
686 2607 823 2690 accedit,
848 2608 937 2695 quod
962 2605 1106 2671 tuendae
1128 2605 1161 2667 iu
1186 2605 1300 2670 codiee
1323 2605 1490 2672 exstitisse
1512 2622 1545 2673 et
1567 2633 1585 2673 a
1608 2609 1774 2697 Gryuaeo,
1798 2633 1902 2699 quun

282 2715 456 2797 superiore
477 2733 538 2800 pro
560 2715 674 2799 superi
694 2735 774 2776 orae
795 2713 828 2774 iu
854 2707 1192 2788 codem,iuveuisset,
1222 2721 1343 2772 temere
1371 2711 1407 2772 iu
1436 2713 1592 2775 meadum
1623 2725 1782 2777 mutatum
1811 2737 1900 2798 ease,

283 2833 443 2897 perquam
467 2811 638 2895 probabile
658 2809 800 2870 ridetur.
829 2839 873 2856 -
890 2809 936 2868 ia
959 2807 1158 2889 istriamque
1180 2829 1276 2868 saum
1306 2811 1508 2894 praesidium
1539 2812 1708 2893 mnium]
1740 2815 1902 2880 Grouorii

142 2929 146 2938 ’
284 2909 506 2974 coniecturam
532 2918 665 2974 secutae
688 2909 776 2971 bunc
799 2907 920 2988 iocum,
944 2906 1001 2970 ubi
1028 2903 1194 2970 Rebbcrus
1218 2907 1325 2974 codici
1345 2913 1550 2999 [atriumque
1571 2937 1632 3001 pro
1654 2917 1899 3002 Histriamque,

258 3023 323 3074 ,ut
345 3011 423 3076 aiibi
446 3011 614 3092 scribitur,
640 3009 723 3074 tatio
745 3007 874 3092 tribuit,
898 3009 943 3073 ita
967 3006 1074 3074 edidi:
1103 3009 1139 3070 iu
1168 3011 1308 3076 latrium
1336 3037 1469 3080 uersum
1495 3018 1702 3103 praesidium
1728 3022 1899 3104 stativum,

284 3117 458 3200 repentina
481 3113 599 3177 cobors
622 3111 845 3192 Placentina,
874 3114 1023 3198 opposita
1052 3115 1141 3178 iuter
1167 3141 1260 3182 mare
1290 3130 1323 3182 et
1350 3133 1472 3186 castra.
1503 3125 1545 3187 B.
1592 3111 1692 3204 Quod
1720 3122 1899 3190 Waicbius

282 3211 472 3278 Emendatt.
497 3213 571 3276 Lis.
598 3235 631 3300 p.
660 3211 732 3274 tta.
756 3211 862 3275 suasit
883 3215 919 3274 iu
936 3212 1079 3276 'Istriana
1101 3214 1287 3301 obversum,
1304 3219 1383 3286 licet
1398 3224 1512 3288 eodem
1529 3224 1651 3308 redeat,
1668 3224 1898 3296 Gronovianae

284 3313 506 3380 emendatiori
529 3337 595 3379 nou
618 3312 841 3401 praetulerim.
888 3311 975 3376 Vide
999 3324 1119 3397 tamen,
1142 3340 1183 3381 au
1206 3331 1296 3383 totue
1319 3321 1426 3405 locus,
1450 3335 1572 3389 mutata
1602 3327 1775 3394 verborum
1800 3329 1897 3396 iuter·

284 3417 479 3503 punctione,
503 3417 547 3480 ita
570 3417 615 3480 sit
631 3415 845 3480 scribendusz
861 3419 897 3480 iu
912 3419 1053 3481 Istriam
1068 3419 1233 3506 quesitum
1250 3419 1319 3484 aive
1336 3426 1534 3510 quaesitum,
1550 3426 1644 3491 idest
1662 3442 1898 3516 comparatum,

218 3565 222 3570 =
281 3521 490 3607 praesidium
511 3523 679 3586 stativum.
724 3523 909 3606 Repentina
929 3521 1046 3586 aobors
1070 3519 1271 3584 Placentina
1293 3526 1443 3608 appositu
1472 3527 1559 3590 iuter
1581 3553 1674 3594 mare
1700 3544 1733 3596 et
1763 3545 1897 3599 caetrae

285 3635 330 3706 et,
353 3637 391 3689 ut
406 3625 493 3689 idem
515 3625 734 3714 aquatoribus
757 3635 821 3688 etc.
846 3622 903 3687 Sic
920 3623 1035 3688 Livius
1057 3624 1168 3706 ibid.
1190 3628 1362 3711 pestilenti
1383 3631 1532 3717 exemplo
1555 3635 1703 3699 remedia
1720 3653 1897 3723 quaerere,

284 3737 385 3813 atque
404 3723 523 3789 Cicero
542 3723 659 3789 Mauii.
684 3745 755 3812 cap.
781 3723 834 3786 at.
856 3726 1027 3810 praesidia
1048 3725 1207 3811 perieulis
1226 3749 1390 3819 quaerere
1414 3732 1510 3816 dixit,
1535 3746 1567 3799 et
1590 3735 1664 3801 Lis.
1681 3735 1794 3823 xm,
1811 3742 1843 3807 5.
1863 3745 1897 3810 iu

284 3826 360 3892 cod.
385 3823 533 3890 Viadob.
558 3829 667 3914 adque
689 3825 730 3889 ob
750 3828 787 3890 id
807 3839 839 3890 et
859 3830 1022 3914 quesitum
1046 3849 1105 3915 pro
1129 3839 1228 3920 atque
1243 3828 1283 3892 ob
1300 3831 1336 3894 id
1351 3837 1560 3922 requisitum,
1579 3851 1611 3904 et
1626 3861 1697 3927 cap.
1714 3841 1767 3906 26.
1784 3843 1898 3912 itidem

283 3935 448 4024 quesitum
470 3955 531 4019 pro
554 3934 739 4014 quaesitum
757 3931 889 4016 legitur.
936 3935 1049 4020 Atque
1071 3931 1105 3996 id
1127 3931 1249 4016 ipsum,
1271 3934 1360 4020 quod
1384 3937 1501 4001 cobors
1525 3939 1580 4004 itta
1604 3941 1795 4008 Placentina
1819 3945 1898 4014 dici·

203 4099 206 4106 ,
283 4043 338 4095 tur
368 4034 562 4117 repentina,
596 4031 630 4094 id
658 4043 709 4095 est
737 4033 902 4097 subitaria
931 4033 1001 4096 sive
1030 4034 1155 4119 raptim
1185 4036 1389 4122 conscripta,
1420 4051 1455 4102 ut
1484 4039 1598 4105 Livius
1627 4041 1707 4106 aiibi
1735 4045 1896 4134 loquitar,

283 4131 368 4196 banc
390 4132 609 4198 coniecturam
631 4132 838 4220 aliquatenus
858 4134 1071 4220 comprobare
1094 4135 1233 4200 ridetur.

369 4301 452 4389 Cap.
484 4303 530 4366 ΙΙ.
561 4327 623 4368 uec
654 4302 834 4390 quidquam
865 4327 944 4386 eos,
976 4327 1060 4391 quae
1090 4316 1174 4369 terra
1208 4307 1355 4395 marique
1386 4321 1574 4394 agerentur,
1607 4315 1761 4402 saliebat]
1793 4321 1896 4390 Recte

286 4404 590 4486 Drakenborebius,
613 4427 714 4492 quum
738 4430 826 4500 quae
847 4429 912 4472 uou
937 4407 1066 4488 babeat,
1090 4429 1156 4494 quo
1176 4409 1348 4491 referatur,
1374 4434 1433 4476 nec
1453 4411 1493 4476 ad
1515 4417 1711 4509 quidquam,
1743 4420 1776 4484 id
1795 4423 1911 4511 quod,

284 4506 468 4592 Docriugio
490 4505 628 4593 placuit,
652 4531 766 4572 eorum
789 4508 885 4574 facilc
908 4509 1015 4595 possit
1037 4507 1219 4591 subaudiri,
1240 4509 1420 4596 scripturae
1444 4517 1674 4600 compendium
1697 4541 1757 4606 pro
1783 4547 1897 4592 eorum

283 4611 365 4698 poni
386 4609 519 4676 soiituru
542 4608 575 4674 iu
598 4633 654 4676 eos
676 4609 810 4692 abiisse,
835 4609 1020 4698 auspicatus
1044 4633 1117 4674 esse
1140 4612 1279 4676 videtur.
1302 4611 1658 4696 ct.t,tv.xx1t‚28.
1681 4631 1896 4715 nequeenim

283 4719 465 4808 qasidquum
491 4741 622 4799 eanum,
650 4737 739 4809 quae
766 4718 857 4800 apud
887 4717 996 4784 bostes
1024 4725 1222 4806 operentur,
1252 4735 1326 4780 eum
1353 4713 1505 4804 saliebat,
1535 4717 1592 4784 ubi
1612 4731 1732 4796 ,tamen
1760 4694 1921 4795 vatum*

1619 4827 1655 4888 3⁴
1887 4838 1914 4896 ³<
