4770 5994
501 583 549 656 66

499 758 588 814 stare
611 742 817 822 didicissem,
836 739 947 806 verbis
970 739 1179 829 transpositis
1202 737 1343 826 scripsit
1369 739 1520 806 Gulaasso
1543 737 1694 828 rapulam,
1708 741 1912 806 Masinissae
1934 736 2121 826 filinsBG.

500 851 545 918 Β.
591 849 650 914 Sie
672 844 786 929 XLll,
809 843 862 908 24.
886 844 927 908 de
952 842 1088 908 eodema
1110 845 1168 908 Ita
1189 845 1326 933 repulus
1352 844 1715 934 Cartbopiniensesqne
1739 843 1877 908 dimissi.
1903 879 1943 892 -
1967 843 2123 928 babeant]

503 951 587 1018 cod.
612 950 761 1017 babeant
781 948 870 1013 laurac
891 949 990 1029 iniec,
1012 970 1095 1033 quae
1117 945 1149 1010 in
1173 958 1316 1032 extrema
1338 948 1457 1038 popina
1475 948 1641 1036 leguntur.
1681 947 1750 1012 llas
1767 947 1941 1012 verborum
1964 948 2124 1038 reliquias

502 1057 547 1120 ita
571 1053 712 1137 servavi,
737 1062 772 1116 ut
795 1051 944 1116 ederem:
969 1049 1127 1115 babeant.
1153 1051 1255 1115 Hono
1276 1051 1394 1116 inieo‘
1420 1050 1433 1073 ⁴
1454 1050 1529 1118 BC.

588 1221 671 1308 Cap.
696 1220 759 1286 lv.
784 1219 796 1243 “
820 1221 832 1244 ’
852 1220 865 1244 “
885 1230 1009 1283 tantnnr
1033 1240 1189 1306 pavorem
1217 1218 1360 1308 ingressi
1389 1223 1517 1303 eastra]
1548 1210 1633 1285 Cod.
1666 1222 1708 1286 tis
1732 1231 1862 1288 tanturn
1885 1227 1997 1290 extitit
2013 1247 2125 1311 pauor

503 1327 648 1416 inpressi
670 1336 794 1390 costra.
842 1323 1010 1389 Belslserus
1034 1345 1051 1385 a
1073 1320 1268 1410 liopitario‚
1299 1323 1359 1410 qni
1381 1322 1415 1386 in
1438 1321 1564 1389 codicis
1587 1321 1764 1388 collatione
1791 1336 1949 1390 annotare
1971 1326 2124 1414 neglexe-

502 1443 575 1512 rat,
604 1429 690 1494 iuter
717 1430 805 1493 iniec
827 1439 860 1491 ct
883 1428 925 1491 tis
949 1447 1159 1514 permagnam
1189 1425 1402 1490 historiarum
1433 1424 1644 1492 Livianarnm
1669 1437 1794 1514 partem
1825 1425 2054 1512 intercidisse,
2088 1428 2122 1492 iu

503 1556 647 1598 errorem
675 1529 798 1618 oppido
828 1527 1002 1594 ridiculum
1026 1527 1180 1593 inductus
1205 1529 1407 1594 diversorum
1431 1529 1661 1595 vocabulorum
1691 1530 1834 1617 syllabas
1861 1532 1906 1597 ita
1937 1531 2122 1614 coniunxit,

503 1648 541 1702 ut
564 1635 661 1702 verba
688 1635 775 1699 borae
798 1633 929 1698 iniectis
959 1629 1060 1718 capiti
1090 1629 1300 1718 praecedenti
1327 1655 1498 1720 perperam
1530 1632 1698 1699 adiiceret.
1747 1634 2124 1721 &amputes-Cresius

504 1763 557 1804 mc
581 1749 713 1802 secutus
737 1746 798 1800 est.
845 1737 913 1800 lnnr
938 1758 1016 1800 vcro
1039 1759 1140 1821 quum
1162 1735 1261 1800 lectio
1285 1732 1437 1820 vulgata,
1469 1759 1565 1823 quam
1596 1735 1767 1822 Grpnaeus
1798 1738 1842 1801 ita
1865 1734 2120 1820 consarcinavit,

503 1855 541 1908 ut
563 1839 720 1928 syllabam
742 1840 783 1904 tis
807 1850 840 1903 et
863 1837 997 1904 verbuan
1021 1839 1132 1902 extitit
1151 1837 1337 1921 omitteret,
1360 1863 1379 1902 a
1402 1837 1527 1906 codicis
1557 1837 1720 1926 scriptura
1747 1839 1941 1926 longissime
1963 1838 2124 1923 discedat,

504 1959 537 2012 et
558 1946 587 2010 si
610 1955 723 2010 toritas
746 1943 876 2008 exstitit
896 1965 1005 2028 pauor
1026 1941 1237 2028 reposueris,
1268 1965 1376 2032 neque
1406 1941 1575 2030 proxima:
1608 1944 1752 2034 inpressi
1780 1955 1914 2027 castro,
1950 1943 2018 2009 illis
2046 1953 2122 2031 apte

368 2057 376 2070 ⁸
503 2058 634 2128 uocarat,
659 2069 767 2134 neque
789 2045 925 2110 verbum
945 2045 1114 2132 ficerunt,
1139 2044 1229 2132 quod
1250 2047 1418 2135 sequitur,
1441 2045 1474 2110 in
1498 2044 1769 2110 antecedentibus
1792 2045 1930 2130 babeat,
1952 2069 2018 2136 quo
2041 2046 2122 2112 rel'e·

503 2161 614 2232 ratur,
638 2147 785 2212 Liviuma
813 2146 916 2211 ‘'tis.
953 2149 1097 2212 Tantum
1120 2149 1242 2213 eximie
1259 2171 1419 2235 pavorem
1440 2150 1583 2238 inpressi
1605 2157 1738 2230 castro,
1770 2161 1974 2216 ostentantes
1997 2152 2122 2238 capito,

441 2325 465 2355 μ’
502 2253 678 2340 fecerrnat,
703 2263 768 2316 ete.
799 2249 976 2338 scripsisse
1004 2251 1168 2339 suspicor.
1216 2251 1347 2317 Etenim
1376 2275 1415 2316 es
1443 2247 1518 2315 Liv.
1541 2247 1597 2332 X,
1619 2245 1674 2313 26.
1704 2261 1737 2314 et
1765 2247 1879 2335 XLll,
1901 2249 1957 2316 60.
1987 2251 2123 2338 colligo,
2159 2321 2164 2330 f

25 2407 50 2422 .,
97 2399 101 2412 .
141 2363 181 2406 =¹·
201 2341 362 2444 {·'sfilj'b
503 2355 656 2421 lacurnam
684 2354 813 2420 verbisa
848 2353 1022 2420 amborum
1050 2359 1162 2444 cupita
1196 2366 1364 2446 pestantes
1394 2351 1501 2440 infixa
1528 2351 1674 2432 lanatis,
1705 2351 1777 2418 vela
1809 2353 1984 2420 amborum
2013 2357 2124 2440 cupito

32 2487 35 2499 ¹
79 2457 138 2488 ’
172 2441 611 2552 ‘ispi-,anonis
640 2455 745 2547 infixo
776 2461 977 2549 pestontis,
1001 2457 1035 2522 id
1057 2470 1109 2524 est
1129 2470 1320 2549 pestontes,
1352 2458 1407 2524 eui
1430 2456 1604 2540 librarius,
1629 2480 1727 2545 quem
1750 2459 1846 2524 etiam
1869 2457 1999 2542 XLIV,
2019 2459 2051 2525 9.
2077 2462 2124 2525 ali·

52 2599 55 2613 ·
102 2542 121 2630 ,¹
158 2535 181 2620 ‘³²2
212 2597 248 2622 υ
289 2581 304 2651 ,4
344 2550 376 2634 as
399 2567 479 2649 ·?‘¹,''
502 2565 625 2630 stantis
647 2583 707 2650 pro
737 2563 897 2628 distantes
928 2561 1104 2648 scripsisse
1135 2564 1168 2627 in
1200 2565 1375 2628 Anrrotatt.
1406 2561 1447 2626 ad
1478 2560 1554 2626 Liv.
1585 2559 1757 2645 XXXlll,
1785 2562 1814 2627 l.
1846 2586 1879 2650 p.
1904 2563 1937 2630 4.
1966 2561 2122 2646 diximus,

26 2687 59 2720 aa
104 2653 229 2744 ··¹t'¹f=3
273 2650 586 2730 ·'···‘·'·'⁴**²“1illud
609 2687 783 2754 perperam
807 2663 1035 2747 substituerit,
1064 2666 1377 2754 explendamcssc,
1406 2664 1720 2754 atqueadverbium
1745 2666 1879 2748 exinde,
1904 2665 1993 2754 quod
2026 2666 2123 2730 etiam

502 2770 578 2835 Liv.
603 2769 737 2850 XXIV,
759 2767 812 2831 42.
835 2765 971 2848 ΧΧΧΙ,
994 2766 1026 2830 4.
1052 2781 1084 2833 et
1105 2768 1137 2833 6.
1158 2769 1345 2853 XXXVll,
1369 2771 1422 2836 43.
1448 2785 1480 2836 et
1502 2769 1555 2836 47.
1581 2768 1658 2853 XL,
1682 2769 1735 2833 35.
1761 2767 1920 2854 etXLll,
1940 2771 1972 2840 9.
1996 2769 2124 2834 mediae

504 2873 647 2939 orationi
669 2867 903 2957 interponitur,
929 2870 973 2932 ita
994 2883 1184 2956 corruptum
1208 2893 1294 2949 esse,
1318 2884 1355 2935 nt
1377 2873 1559 2959 scripturae
1580 2871 1813 2956 compendium
1837 2875 1927 2936 exin*
1949 2895 1967 2936 a
1988 2872 2123 2937 librario

503 2981 538 3044 iu
561 2979 672 3044 extitit
693 2984 893 3057 mutaretur,
923 2995 941 3038 a
965 2995 1042 3038 vero
1066 2998 1131 3039 non
1158 2975 1263 3062 magis
1294 2975 1469 3040 abhorrere
1496 2971 1658 3055 arbitror,
1685 2997 1784 3060 quam
1813 2972 1945 3039 ultimas
1972 2974 2126 3042 vocabuli

501 3105 660 3167 pauorem
688 3079 801 3144 literas
831 3101 849 3142 a
877 3089 1035 3164 sequente
1059 3081 1204 3170 inpressi
1233 3102 1305 3145 esse
1335 3078 1546 3166 interceptas.
1599 3075 1739 3142 blelinra
1770 3088 1803 3141 et
1829 3075 1969 3142 certiora
1999 3077 2125 3142 dabunt

503 3183 575 3266 alii,
600 3181 722 3273 quibus
746 3179 852 3246 ansius
874 3177 1000 3266 ingenii
1024 3203 1160 3246 aeunreu
1184 3179 1335 3266 contigit.
1360 3220 1403 3230 —-
1425 3179 1608 3269 petierunt]
1632 3178 1715 3244 cod.
1737 3179 1908 3267 petierint,
1931 3176 2021 3267 quod
2043 3177 2127 3244 Gro-

505 3287 626 3352 novius
651 3295 739 3350 certa
762 3283 951 3349 coniectura
974 3283 1154 3372 praecepit.
1180 3282 1254 3349 Bc.
1277 3287 1320 3350 Β.
1352 3322 1389 3332 -
1422 3285 1563 3371 ludipna
1595 3281 1726 3349 senatui
1752 3283 1844 3368 visa]
1870 3281 1955 3347 cod.
1988 3285 2125 3374 indique

503 3389 640 3455 seraotni
659 3389 746 3451 aba.
799 3383 903 3450 Recte
930 3383 1034 3472 igitur
1063 3385 1177 3450 eodem
1201 3385 1370 3450 Gronovio
1403 3399 1538 3452 auctore
1561 3385 1699 3475 seripsir
1731 3387 1880 3480 lndipnu
1906 3412 1961 3454 res
1989 3389 2125 3456 senatui

503 3493 591 3558 ubo.
615 3487 689 3580 ΒΟ.
714 3491 758 3554 Β.
803 3489 1012 3556 Vocabulum
1043 3511 1098 3555 res
1128 3488 1355 3573 intercidisse,
1385 3492 1509 3560 codicis
1538 3496 1703 3584 scriptura
1737 3519 1804 3562 non
1827 3497 2034 3586 significare,
2064 3497 2124 3565 sed

503 3595 669 3662 declarare
691 3593 831 3661 videtur.

590 3746 674 3835 Cap.
696 3744 741 3810 V.
764 3744 836 3811 Sub
859 3743 895 3810 id
918 3748 1064 3833 tempus]
1085 3745 1153 3814 ,llic
1175 3771 1323 3838 quoque,
1348 3764 1383 3816 ut
1406 3751 1498 3834 alibi,
1511 3752 1572 3834 ι01ιί
1595 3775 1649 3820 res
1672 3752 1821 3821 diversae
1841 3755 1957 3822 eodem
1974 3769 2124 3845 tempore

505 3855 657 3920 evenisse
680 3851 846 3932 dicuntur,
868 3851 930 3918 snb
953 3852 1040 3916 idem
1060 3864 1186 3942 tempus
1210 3852 1433 3920 scribendum.
1458 3853 1534 3923 Bc.
1550 3860 1593 3923 Β.
1639 3859 1787 3926 Alteram
1810 3863 2017 3949 pronominis
2036 3865 2124 3929 idean

506 3959 665 4047 syllabam
688 3955 877 4044 proximum
907 3965 1033 4042 lempna
1059 3955 1207 4022 abstulit.
1260 3957 1336 4023 Non
1370 3959 1572 4025 temerariam
1604 3983 1678 4028 esse
1706 3959 1948 4046 coniecturam,
1979 3963 2125 4052 probant

505 4083 590 4149 quac
611 4058 724 4149 paullo
746 4067 825 4146 post
846 4057 1022 4144 legunturc
1048 4061 1099 4125 Et
1120 4061 1236 4152 regalo
1259 4061 1437 4130 Gallorum
1467 4065 1598 4131 absenti
1602 4111 1615 4146 ,
1652 4074 1688 4130 et
1707 4065 1758 4132 bis
1777 4065 1909 4154 populis
1930 4091 2125 4156 responsum

505 4175 570 4245 est,
592 4173 656 4228 ete.
678 4198 721 4212 -
744 4158 895 4225 adalind
918 4158 1078 4248 bellum]'
1095 4163 1179 4229 Cod.
1205 4167 1252 4232 ud
1273 4165 1582 4232 aliudidbellum.
1627 4166 1818 4234 Pronomen
1846 4171 1884 4236 ici
1911 4173 2023 4240 neseio
2055 4197 2123 4264 qno

507 4289 586 4332 essu
609 4264 737 4331 illatum
761 4261 932 4347 Grpnaeus
955 4277 1045 4330 recte
1069 4263 1201 4332 delevit.
1234 4304 1274 4316 ·—
1305 4267 1430 4357 passim
1458 4267 1658 4359 rapinasque
1682 4284 1715 4336 et
1737 4272 1889 4341 incendia
1912 4278 2011 4364 laeta]
2035 4277 2120 4344 Cod.

505 4372 607 4436 duces
625 4371 753 4458 possint
774 4368 990 4458 rapinasque.
1035 4367 1190 4435 Forsitan
1211 4393 1253 4436 ex
1265 4369 1355 4437 Livii
1377 4393 1481 4456 more,
1505 4371 1546 4437 de
1570 4395 1636 4462 quo
1652 4373 1901 4446 Drakenborch.
1924 4380 1966 4446 ad
1988 4379 2062 4444 Lir.
2075 4379 2121 4465 ll,

506 4473 562 4556 31,
587 4473 617 4538 l.
641 4472 739 4538 velim
763 4471 937 4554 conseras,
966 4470 1195 4538 scribendum:
1228 4475 1348 4542 caedes
1377 4479 1502 4564 passim
1531 4481 1739 4574 rapinasque
1767 4491 1801 4548 et
1831 4483 1987 4550 incendia
2012 4479 2118 4571 sacta.

505 4575 583 4642 biv.
605 4574 653 4659 ll,
676 4575 730 4640 64.
754 4599 856 4670 panna
879 4577 1051 4643 caederet
1072 4578 1229 4644 inoersdia
1251 4580 1378 4644 eirenen
1395 4577 1562 4646 Anienem
1581 4577 1707 4668 {lamen
1729 4581 1897 4666 (consent.
1934 4582 2122 4652 Libraainan

503 4684 546 4750 ad
567 4683 817 4773 praecedeutin
840 4685 956 4750 Duces
977 4685 1042 4751 sibi
1063 4685 1105 4750 ab
1129 4686 1265 4752 console
1287 4695 1352 4752 etc.
1376 4685 1569 4772 recurrisse,
1592 4695 1659 4754 non
1681 4687 1855 4777 probabile
1877 4697 1939 4752 est.
