4814 5970
421 749 434 784 0
481 681 555 758 1211

481 885 523 900 -
544 865 619 914 suus
633 841 772 909 tribunis
796 837 905 930 piebis
926 861 969 906 ex
989 841 1182 908 suetoritste
1205 849 1335 929 petrum
1363 847 1494 924 egeret,
1510 831 1715 925 repetissem
1737 831 1779 903 sd
1801 835 1933 927 piebem
1955 837 2098 926 terren]

482 951 567 1018 coe.
594 958 754 1039 patruum
775 953 810 1010 et
831 939 1029 1030 adferrent,
1054 939 1172 1008 roonis
1203 943 1252 1010 od
1278 964 1319 1009 ex
1345 939 1622 1032 praecedentibus
1639 941 1797 1030 repetitu·
1841 943 2017 1031 Doberns,
2041 943 2098 1014 cui

481 1050 686 1142 Doeringius
708 1059 832 1114 temere
854 1045 1044 1110 adversatus
1067 1055 1129 1128 est,
1153 1043 1276 1110 iustum
1298 1043 1444 1109 restituit
1463 1041 1637 1108 verborum
1658 1045 1828 1115 ordinemr
1853 1069 1927 1114 eum
1953 1049 2098 1118 tribracis

480 1153 587 1248 piebis
610 1161 745 1246 speret,
774 1171 818 1215 ex
837 1148 1042 1215 auctoritate
1066 1155 1205 1233 potrum
1236 1147 1445 1235 repertionem
1466 1145 1513 1210 ud
1530 1141 1659 1231 plebem
1680 1146 1824 1228 ferrent.
1846 1147 1922 1215 ΒΟ.
1945 1149 1989 1216 Β.
2016 1147 2096 1218 vit.

484 1281 569 1349 quse
599 1277 701 1342 supro
731 1251 773 1317 ud
801 1273 875 1340 cup.
899 1248 953 1313 2i.
978 1248 1145 1313 nunotsvi.
1177 1282 1217 1298 ··-·
1244 1248 1299 1313 eui
1326 1247 1394 1335 ipsi
1427 1269 1562 1336 quoqne
1589 1269 1626 1312 se
1654 1270 1842 1337 comperero
1870 1248 2098 1339 erubuissent]

342 1395 363 1408 -
483 1359 569 1426 cod.
592 1379 668 1425 cum
689 1358 753 1445 ipsi
773 1373 960 1445 quoquere
982 1371 1172 1438 conparare
1193 1350 1396 1418 debuissent.
1440 1349 1613 1438 Gryuseus
1638 1362 1758 1436 mmm,
1781 1373 1883 1440 quum
1906 1354 2099 1422 debuissent

484 1461 526 1530 sb
546 1461 611 1526 boc
635 1459 711 1524 loeo
734 1455 878 1521 ebenum
900 1453 966 1535 sit,
994 1450 1076 1516 beec
1103 1461 1194 1516 recte
1217 1451 1409 1518 emendbsse
1431 1450 1574 1518 videtur.
1605 1485 1646 1503 -
1674 1452 1818 1542 serpsit]
1841 1453 1926 1523 cod,
1949 1461 2097 1547 mmm

483 1564 536 1632 eui
551 1561 723 1649 Gryusens
745 1567 847 1638 recte,
863 1566 901 1620 nt
920 1553 1052 1642 opinor,
1065 1551 1150 1618 illud
1171 1552 1356 1618 substituit.
1371 1587 1411 1600 -
1425 1553 1605 1618 Pecuniam
1628 1552 1722 1625 ilium
1744 1553 1823 1621 dere
1845 1578 1911 1622 uon
1935 1559 2097 1646 potuisse,

483 1663 623 1734 militem
643 1660 800 1724 bonorem
823 1653 900 1720 dere
922 1651 1065 1742 possei]
1093 1650 1221 1715 Horum
1250 1651 1426 1720 verborum
1450 1652 1748 1743 interpunctionem
1770 1656 1948 1726 Wslcbins
1979 1659 2098 1728 Emeu-

484 1766 565 1834 dntt.
589 1763 664 1830 biv.
690 1783 724 1848 p.
748 1757 822 1822 115.
845 1767 935 1822 recte
958 1754 1154 1820 immutuit.
1177 1753 1252 1821 BC.
1276 1755 1319 1820 Β.

569 1895 654 1984 Cep.
676 1890 847 1959 xxxvl.
873 1888 937 1954 His
960 1887 1121 1970 incitetis]
1144 1887 1230 1952 cot.
1252 1891 1281 1954 is
1303 1891 1444 1956 incitati.
1462 1875 1474 1896 ’
1489 1889 1593 1956 Recte
1611 1891 1716 1979 igitur
1726 1893 1895 1962 Bebberus
1918 1898 1959 1962 iis
1981 1899 2099 1964 beritu-

484 2001 528 2069 tis
549 1997 664 2063 edidit.
686 2027 729 2046 -
749 1993 823 2081 lege
846 1990 992 2076 dicendi]
1014 1990 1119 2056 immo
1147 1991 1189 2056 de
1212 1990 1286 2081 ispe
1312 1992 1463 2075 dicendi,
1493 1993 1586 2081 quod
1609 1993 1674 2060 inm
1701 1994 1935 2064 bellemuudus
1964 2013 2099 2071 suctors

462 2099 652 2170 'Gronovio
673 2095 812 2186 recepit.
834 2093 910 2162 ΒΟ.
932 2094 977 2161 Β.
1000 2127 1043 2144 -
1063 2113 1127 2158 nec
1147 2091 1191 2158 sd
1208 2085 1428 2178 suadendum,
1451 2107 1488 2162 ut
1510 2097 1543 2161 iu
1564 2120 1599 2162 rs
1623 2096 1757 2164 minime
1778 2099 1892 2184 dubie,
1921 2103 2099 2192 quinquen

482 2203 692 2294 precederet]
715 2198 800 2265 (iod.
822 2199 870 2265 ud
888 2195 1098 2266 emdmdum
1117 2205 1159 2262 ut
1179 2199 1215 2261 irs
1235 2219 1275 2262 re
1295 2198 1431 2262 mbsime
1453 2197 1555 2264 dubio
1576 2207 1639 2265 out
1654 2202 1687 2266 si
1706 2203 1885 2295 quisquam
1903 2205 2098 2290 procedere·

484 2319 554 2390 m,
576 2304 680 2372 Frob.
707 2302 737 2367 1.
763 2312 797 2368 et
816 2299 849 2364 2.
873 2300 921 2365 nd
940 2299 1162 2381 suadendum,
1185 2307 1225 2364 ut
1244 2300 1280 2364 io
1301 2323 1340 2366 re
1360 2302 1495 2366 ruinose
1512 2302 1628 2384 dubie,
1645 2306 1677 2370 si
1698 2306 1876 2396 quicquum
1892 2306 2099 2393 procederet.

487 2407 659 2478 Vocubuio
683 2397 760 2489 ιιι,
786 2401 878 2493 quod
905 2401 1065 2489 Sigonius
1093 2399 1246 2484 inseruit,
1280 2401 1439 2469 substitui
1464 2415 1518 2470 set
1544 2403 1615 2471 sire
1642 2405 1714 2488 sed,
1733 2405 1829 2494 qued
1849 2430 1868 2472 ι
1891 2407 2101 2494 praecedeuti

484 2526 573 2584 esset
590 2511 687 2580 iseiie
707 2509 818 2600 potnit
838 2506 1020 2592 absorberi,
1041 2517 1087 2590 et,
1108 2517 1169 2572 sut
1188 2505 1321 2574 iubuut
1334 2508 1406 2572 sive
1418 2505 1514 2572 taut
1527 2517 1651 2572 mutsto
1673 2519 1774 2596 etque
1794 2508 1918 2575 omisso
1938 2509 2101 2599 portentu

484 2623 527 2706 ri,
540 2640 627 2708 quse
638 2618 736 2684 etiem
752 2615 837 2681 iut'rs
852 2637 925 2702 cup.
941 2613 995 2678 37.
1011 2610 1120 2678 verbis
1136 2613 1288 2678 acerbius
1301 2609 1438 2700 uipiliue
1450 2621 1570 2676 temere
1584 2611 1781 2699 interposite
1793 2623 1855 2694 est,
1869 2623 1973 2678 totum
1989 2615 2101 2700 loenrq

484 2721 531 2792 tu
545 2719 654 2786 edidis
677 2717 738 2786 sed
757 2716 804 2782 od
814 2715 1038 2800 sustinuisses,
1059 2723 1099 2780 ut
1117 2715 1153 2779 in
1168 2735 1206 2780 re
1225 2715 1359 2778 minime
1372 2711 1486 2797 dnbio,
1503 2713 1597 2781 baud
1609 2716 1786 2810 quisquam
1798 2717 2006 2803 procederet.
2020 2717 2097 2784 BC.

483 2816 536 2893 De
550 2819 645 2890 bend
664 2821 843 2916 qnisquam
858 2815 904 2883 ct.
919 2813 1044 2881 Heudii
1059 2811 1242 2882 Turselliu.
1257 2812 1336 2881 vot.
1353 2813 1418 2882 111.
1434 2840 1470 2906 p.
1488 2815 1539 2881 19.
1575 2815 1744 2882 Bebkerns
1758 2817 1902 2886 'secrevit
1916 2817 2098 2911 suipstuuu,

484 2922 575 3016 quod
596 2945 672 2990 curu
693 2918 767 2986 loco
781 2917 860 2985 buic
875 2917 1045 2986 simillimo
1059 2915 1213 3004 XXXII,
1227 2913 1281 2982 2⁰.
1299 2915 1480 2984 contulisse
1496 2917 1632 2984 invebit.
1678 2916 1977 2986 Weissenboruius
1990 2931 2100 2988 sutem

483 3028 593 3110 beott.
616 3025 692 3094 btv.
714 3025 807 3090 Psrt.
830 3021 878 3090 11.
900 3047 937 3112 p.
960 3019 993 3088 9.
1015 3045 1085 3090 nou
1107 3022 1212 3089 inisse
1236 3017 1378 3105 censuit,
1401 3043 1462 3088 cur
1482 3020 1666 3106 nokkerus,
1686 3044 1787 3110 quum
1810 3021 1905 3089 baud
1923 3023 2101 3116 quisquam

483 3154 503 3197 ι
524 3153 576 3196 ιιι
597 3126 694 3194 Livio
713 3124 879 3193 redditum
901 3134 1002 3209 essct,
1024 3121 1157 3216 Sigouii
1177 3125 1434 3194 rdtmmsnmm
1456 3140 1632 3217 repeteret,
1655 3126 1822 3216 simulque
1850 3128 1931 3196 brec
1960 3117 2098 3196 adiecite

484 3233 641 3322 „biberes
662 3236 705 3316 ιί,
728 3253 814 3322 quoe
835 3231 1049 3319 interpositus
1072 3243 1162 3316 suut,
1183 3229 1249 3298 uisi
1271 3230 1406 3299 librario
1426 3231 1570 3296 tribuere
1588 3231 1670 3297 veiis
1697 3230 1740 3296 sd
1764 3253 1879 3318 vocem
1905 3243 2099 3319 sequentem

484 3336 671 3418 aberranti,
695 3335 888 3423 depruvutss
910 3346 943 3399 et
972 3357 1034 3422 pro
1062 3358 1144 3400 sune
1173 3331 1298 3420 positus
1330 3357 1404 3398 esse
1432 3332 1595 3421 suspicari
1623 3330 1754 3422 possis,
1784 3333 1828 3398 ci.
1859 3331 1925 3418 111,
1953 3333 2008 3414 72,
2037 3335 2101 3400 7.“

484 3437 610 3510 Eodem
632 3439 780 3528 suspicio
806 3439 887 3504 mibi
919 3461 1053 3528 quoqne
1082 3437 1210 3502 incidit.
1262 3434 1331 3502 set
1358 3436 1524 3525 quomodo
1553 3435 1749 3502 vocubulour
1779 3439 1976 3530 quisquam,
2008 3431 2100 3524 quod

484 3546 651 3636 sequitur,
675 3545 983 3633 efficerepotuerit,
1004 3556 1040 3610 ut
1060 3541 1216 3608 librarius
1236 3540 1431 3608 vocubuium
1457 3542 1490 3606 si
1515 3563 1575 3630 per
1601 3563 1743 3606 errorem
1771 3539 2015 3628 interponeret,
2048 3564 2100 3607 me

482 3672 550 3715 uon
580 3649 769 3735 intelligere
806 3649 923 3713 fateor.
976 3645 1150 3711 Praetereo
1178 3645 1284 3711 idemr
1316 3643 1445 3727 „Quod
1476 3643 1707 3732 Kreyssiqius,
1727 3642 1856 3730 iuquit,
1889 3643 2099 3711 scribendum

484 3752 614 3840 putavit
635 3752 728 3817 locus
747 3761 846 3830 esset,
865 3751 928 3815 sed
950 3748 1008 3830 nd,
1030 3770 1097 3812 uou
1120 3771 1204 3836 opus
1228 3770 1302 3813 esse
1323 3747 1452 3812 videtur
1474 3747 1634 3833 portionis
1656 3745 1868 3830 sedsdiectn,
1886 3771 2099 3838 quamsaepe

481 3856 518 3922 in
538 3855 702 3922 eiusmodi
723 3851 899 3919 sententiis
922 3875 939 3916 o
962 3849 1059 3916 Liris
1080 3871 1146 3916 uon
1170 3871 1244 3914 esse
1266 3851 1406 3940 positum
1430 3851 1614 3916 docueruut
1636 3849 1825 3916 Gronovius
1846 3848 1887 3915 nd
1907 3852 1972 3935 111,
1993 3853 2048 3936 71,
2063 3853 2095 3920 6.

371 4001 384 4020 0
483 3959 527 4026 sd
547 3957 665 4042 xxm,
688 3954 743 4038 25,
766 3953 806 4038 73
831 3951 996 4020 Drakenb.
1019 3953 1061 4017 nd
1082 3952 1112 4036 1,
1133 3953 1188 4036 25,
1210 3951 1241 4018 3.
1267 3954 1323 4018 ιΙΙ.
1347 3951 1445 4018 Fabri
1468 3952 1509 4016 nd
1531 3951 1634 4036 ΧΧΙ,
1656 3953 1710 4036 43,
1728 3953 1769 4037 63
1791 3953 1924 4022 Wsieb.
1940 3978 1974 4042 p.
1993 3955 2097 4024 211161

484 4061 637 4128 Ceterum
660 4059 861 4126 {fastuosus
882 4077 1017 4144 quoquo
1040 4055 1073 4118 iu
1097 4055 1359 4140 Quaestiouibus
1382 4055 1542 4138 Licinnis,
1564 4080 1647 4146 quus
1675 4059 1779 4126 Celbis
1808 4085 1838 4126 ι.
1867 4060 1959 4126 1813.
1981 4063 2098 4150 edidit,

481 4187 519 4256 p.
546 4163 619 4228 120.
642 4160 773 4227 codices
796 4159 910 4226 neseio
930 4179 1014 4245 quos
1037 4179 1176 4242 crepeus
1197 4159 1237 4224 de
1258 4160 1355 4226 buius
1377 4160 1443 4225 ioci
1464 4161 1626 4248 scripturn
1658 4163 1740 4228 miro
1769 4187 1848 4230 suus
1874 4165 1973 4230 modo
2001 4189 2099 4258 supo-

483 4265 607 4333 enitet
630 4262 758 4328 Livium
782 4261 958 4350 scripsisse
980 4260 1114 4326 statuit:
1138 4285 1240 4350 quum
1259 4299 1302 4310 --
1324 4272 1358 4326 et
1376 4262 1519 4348 privetis
1540 4262 1612 4354 depe
1633 4265 1765 4330 dicendi
1787 4265 1878 4331 loeus
1907 4281 2004 4352 esset,
2034 4294 2096 4340 nec

484 4367 532 4434 art
549 4365 758 4432 suadendam
779 4387 851 4428 rem
872 4364 1007 4428 minime
1025 4361 1161 4428 dubium
1183 4365 1361 4454 quisquam
1376 4367 1594 4452 procederet,
1617 4367 1695 4436 Ser.
1723 4365 1835 4432 Galba
1862 4382 1997 4460 repente
2020 4397 2099 4458 pro·

485 4471 594 4538 cessit.
641 4465 732 4530 iisse
753 4464 827 4531 eliis
849 4463 1014 4554 plucesut.
1037 4502 1078 4515 --
1098 4490 1117 4530 ι
1139 4466 1290 4550 tribuno]
1313 4468 1397 4533 cot.
1421 4493 1443 4534 c
1474 4471 1636 4552 tribunis,
1664 4483 1701 4536 ut
1732 4472 1766 4536 is
1796 4485 1941 4542 extremo
1969 4455 2097 4565 cupite}

484 4569 526 4638 ob
547 4567 692 4636 tribunis
713 4579 840 4655 petere.
887 4566 1077 4633 [rectionem
1101 4581 1346 4658 peropportune
1373 4571 1515 4636 oblstsm
1544 4583 1577 4637 et
1606 4575 1639 4637 in
1669 4574 1785 4640 codiee
1815 4579 2032 4666 perscriptum
2061 4596 2100 4652 ut

483 4689 687 4762 spernerem,
710 4693 727 4734 o
750 4691 801 4735 ure
824 4670 998 4760 impetrare
1019 4694 1086 4738 uon
1115 4674 1221 4762 potui.
1252 4672 1326 4740 ΒΟ.
1348 4673 1392 4740 Β.
1443 4671 1549 4740 biiror
1577 4675 1701 4764 mugio,
1729 4677 1893 4743 nemiuem
1922 4680 2029 4750 udbne
2057 4709 2099 4754 ex

484 4775 673 4844 coniectore
706 4771 752 4836 ite
777 4771 992 4841 scribendum
1021 4776 1202 4842 censuisse.
1253 4775 1339 4843 Nem
1368 4776 1467 4843 serbe
1496 4777 1635 4867 pionii·
1659 4779 1833 4861 iuberent,
1860 4781 2038 4870 differrent
2062 4799 2100 4858 et
