<?xml version="1.0" encoding="UTF-8"?>
<!DOCTYPE html PUBLIC "-//W3C//DTD XHTML 1.0 Transitional//EN"
    "http://www.w3.org/TR/xhtml1/DTD/xhtml1-transitional.dtd">
<html xmlns="http://www.w3.org/1999/xhtml" xml:lang="en" lang="en">
 <head>
  <title>
</title>
<meta http-equiv="Content-Type" content="text/html;charset=utf-8" />
  <meta name='ocr-system' content='tesseract 3.04.00' />
  <meta name='ocr-capabilities' content='ocr_page ocr_carea ocr_par ocr_line ocrx_word'/>
</head>
<body>
  <div class='ocr_page' id='page_1' title='image "./annotationesadt00kreygoog/annotationesadt00kreygoog_0010.png"; bbox 0 0 4770 5994; ppageno 0'>
   <div class='ocr_carea' id='block_1_1' title="bbox 261 677 2014 4866">
    <p class='ocr_par' dir='ltr' id='par_1_1' title="bbox 261 677 2014 4866">
     <span class='ocr_line' id='line_1_1' title="bbox 1862 677 1888 749; baseline 0 0"><span class='ocrx_word' id='word_1_1' title='bbox 1862 677 1888 749; x_wconf 65' lang='lat' dir='ltr'><strong>b</strong></span> 
     </span>
     <span class='ocr_line' id='line_1_2' title="bbox 294 837 1914 960; baseline -0.001 -31"><span class='ocrx_word' id='word_1_2' title='bbox 294 846 382 960; x_wconf 87' lang='lat' dir='ltr'><strong>pria</strong></span> <span class='ocrx_word' id='word_1_3' title='bbox 409 843 596 956; x_wconf 87' lang='lat' dir='ltr'><strong>quadem</strong></span> <span class='ocrx_word' id='word_1_4' title='bbox 622 842 766 926; x_wconf 77' lang='lat' dir='ltr'><strong>virtute</strong></span> <span class='ocrx_word' id='word_1_5' title='bbox 784 837 1218 924; x_wconf 68' lang='lat' dir='ltr'><strong>commendabiliorem</strong></span> <span class='ocrx_word' id='word_1_6' title='bbox 1245 838 1474 942; x_wconf 73' lang='lat' dir='ltr'><strong>redderem,</strong></span> <span class='ocrx_word' id='word_1_7' title='bbox 1492 869 1574 924; x_wconf 89' lang='lat' dir='ltr'><strong>non</strong></span> <span class='ocrx_word' id='word_1_8' title='bbox 1592 842 1728 926; x_wconf 84' lang='lat' dir='ltr'><strong>solnm</strong></span> <span class='ocrx_word' id='word_1_9' title='bbox 1745 869 1888 928; x_wconf 87' lang='lat' dir='ltr'><strong>omnes</strong></span> <span class='ocrx_word' id='word_1_10' title='bbox 1912 854 1914 863; x_wconf 87' lang='lat'>&#39;</span> 
     </span>
     <span class='ocr_line' id='line_1_3' title="bbox 291 967 1884 1101; baseline 0.001 -27"><span class='ocrx_word' id='word_1_11' title='bbox 291 990 468 1074; x_wconf 90' lang='lat' dir='ltr'><strong>omnino</strong></span> <span class='ocrx_word' id='word_1_12' title='bbox 491 989 603 1072; x_wconf 90' lang='lat' dir='ltr'><strong>locos</strong></span> <span class='ocrx_word' id='word_1_13' title='bbox 632 1013 658 1070; x_wconf 90' lang='lat' dir='ltr'><strong>a</strong></span> <span class='ocrx_word' id='word_1_14' title='bbox 683 1013 752 1070; x_wconf 89' lang='lat' dir='ltr'><strong>me</strong></span> <span class='ocrx_word' id='word_1_15' title='bbox 780 967 1022 1070; x_wconf 78' lang='lat' dir='ltr'><strong>emcmlatos</strong></span> <span class='ocrx_word' id='word_1_16' title='bbox 1047 1017 1189 1072; x_wconf 85' lang='lat' dir='ltr'><strong>rursus</strong></span> <span class='ocrx_word' id='word_1_17' title='bbox 1218 989 1467 1092; x_wconf 81' lang='lat' dir='ltr'><strong>examinavi,</strong></span> <span class='ocrx_word' id='word_1_18' title='bbox 1496 987 1568 1072; x_wconf 88' lang='lat' dir='ltr'><strong>sed</strong></span> <span class='ocrx_word' id='word_1_19' title='bbox 1596 990 1730 1093; x_wconf 87' lang='lat' dir='ltr'><strong>etiam,</strong></span> <span class='ocrx_word' id='word_1_20' title='bbox 1753 1011 1884 1101; x_wconf 87' lang='lat' dir='ltr'><strong>qunnt</strong></span> 
     </span>
     <span class='ocr_line' id='line_1_4' title="bbox 293 1131 1885 1252; baseline -0.001 -32"><span class='ocrx_word' id='word_1_21' title='bbox 293 1133 535 1252; x_wconf 85' lang='lat' dir='ltr'><strong>Kopitarius</strong></span> <span class='ocrx_word' id='word_1_22' title='bbox 563 1163 655 1218; x_wconf 86' lang='lat' dir='ltr'><strong>mec</strong></span> <span class='ocrx_word' id='word_1_23' title='bbox 683 1149 830 1245; x_wconf 86' lang='lat' dir='ltr'><strong>rogam</strong></span> <span class='ocrx_word' id='word_1_24' title='bbox 856 1131 1043 1218; x_wconf 82' lang='lat' dir='ltr'>codicem</span> <span class='ocrx_word' id='word_1_25' title='bbox 1073 1131 1125 1216; x_wconf 90' lang='lat' dir='ltr'><strong>de</strong></span> <span class='ocrx_word' id='word_1_26' title='bbox 1152 1133 1261 1216; x_wconf 87' lang='lat' dir='ltr'><strong>locis</strong></span> <span class='ocrx_word' id='word_1_27' title='bbox 1282 1132 1573 1250; x_wconf 89' lang='lat' dir='ltr'><strong>compluribus,</strong></span> <span class='ocrx_word' id='word_1_28' title='bbox 1602 1133 1674 1245; x_wconf 87' lang='lat' dir='ltr'><strong>qui</strong></span> <span class='ocrx_word' id='word_1_29' title='bbox 1703 1134 1885 1246; x_wconf 79' lang='lat' dir='ltr'><strong>aliquam</strong></span> 
     </span>
     <span class='ocr_line' id='line_1_5' title="bbox 294 1277 1886 1382; baseline 0.001 -18"><span class='ocrx_word' id='word_1_30' title='bbox 294 1284 447 1367; x_wconf 88' lang='lat' dir='ltr'><strong>habere</strong></span> <span class='ocrx_word' id='word_1_31' title='bbox 484 1281 720 1365; x_wconf 80' lang='lat' dir='ltr'><strong>viderentur</strong></span> <span class='ocrx_word' id='word_1_32' title='bbox 762 1279 1080 1382; x_wconf 77' lang='lat' dir='ltr'><strong>dubitationem,</strong></span> <span class='ocrx_word' id='word_1_33' title='bbox 1122 1277 1268 1364; x_wconf 88' lang='lat' dir='ltr'><strong>iterum</strong></span> <span class='ocrx_word' id='word_1_34' title='bbox 1306 1281 1574 1364; x_wconf 87' lang='lat' dir='ltr'><strong>consuluisset</strong></span> <span class='ocrx_word' id='word_1_35' title='bbox 1608 1297 1647 1364; x_wconf 92' lang='lat' dir='ltr'><strong>et</strong></span> <span class='ocrx_word' id='word_1_36' title='bbox 1683 1281 1886 1366; x_wconf 86' lang='lat' dir='ltr'><strong>sincerem</strong></span> 
     </span>
     <span class='ocr_line' id='line_1_6' title="bbox 294 1424 1886 1540; baseline -0.001 -28"><span class='ocrx_word' id='word_1_37' title='bbox 294 1428 381 1512; x_wconf 86' lang='lat' dir='ltr'><strong>eins</strong></span> <span class='ocrx_word' id='word_1_38' title='bbox 416 1427 661 1540; x_wconf 87' lang='lat' dir='ltr'><strong>scripturam</strong></span> <span class='ocrx_word' id='word_1_39' title='bbox 705 1424 883 1539; x_wconf 91' lang='lat' dir='ltr'><strong>singulos</strong></span> <span class='ocrx_word' id='word_1_40' title='bbox 919 1424 1130 1508; x_wconf 88' lang='lat' dir='ltr'><strong>literarum</strong></span> <span class='ocrx_word' id='word_1_41' title='bbox 1174 1425 1312 1540; x_wconf 80' lang='lat' dir='ltr'><strong>apices</strong></span> <span class='ocrx_word' id='word_1_42' title='bbox 1345 1425 1516 1510; x_wconf 90' lang='lat' dir='ltr'><strong>rimatus</strong></span> <span class='ocrx_word' id='word_1_43' title='bbox 1557 1428 1600 1510; x_wconf 90' lang='lat' dir='ltr'><strong>in</strong></span> <span class='ocrx_word' id='word_1_44' title='bbox 1636 1455 1751 1512; x_wconf 88' lang='lat' dir='ltr'><strong>meos</strong></span> <span class='ocrx_word' id='word_1_45' title='bbox 1787 1457 1886 1511; x_wconf 85' lang='lat' dir='ltr'><strong>usus</strong></span> 
     </span>
     <span class='ocr_line' id='line_1_7' title="bbox 294 1570 1885 1687; baseline -0.002 -28"><span class='ocrx_word' id='word_1_46' title='bbox 294 1571 598 1659; x_wconf 80' lang='lat' dir='ltr'><strong>accuratissime</strong></span> <span class='ocrx_word' id='word_1_47' title='bbox 641 1586 841 1654; x_wconf 86' lang='lat' dir='ltr'><strong>enotasset</strong></span> <span class='ocrx_word' id='word_1_48' title='bbox 877 1570 941 1652; x_wconf 87' lang='lat' dir='ltr'><strong>vel</strong></span> <span class='ocrx_word' id='word_1_49' title='bbox 963 1621 966 1629; x_wconf 91' lang='lat'>.</span> <span class='ocrx_word' id='word_1_50' title='bbox 985 1570 1119 1684; x_wconf 89' lang='lat' dir='ltr'><strong>potins</strong></span> <span class='ocrx_word' id='word_1_51' title='bbox 1156 1571 1415 1676; x_wconf 77' lang='lat' dir='ltr'><strong>delineasset,</strong></span> <span class='ocrx_word' id='word_1_52' title='bbox 1447 1573 1541 1656; x_wconf 89' lang='lat' dir='ltr'><strong>&#39;alia</strong></span> <span class='ocrx_word' id='word_1_53' title='bbox 1585 1603 1659 1687; x_wconf 90' lang='lat' dir='ltr'><strong>per</strong></span> <span class='ocrx_word' id='word_1_54' title='bbox 1704 1576 1885 1658; x_wconf 85' lang='lat' dir='ltr'><strong>errorem</strong></span> 
     </span>
     <span class='ocr_line' id='line_1_8' title="bbox 293 1713 1887 1828; baseline 0 -26"><span class='ocrx_word' id='word_1_55' title='bbox 293 1735 449 1802; x_wconf 88' lang='lat' dir='ltr'><strong>mutata</strong></span> <span class='ocrx_word' id='word_1_56' title='bbox 478 1717 712 1819; x_wconf 70' lang='lat' dir='ltr'><strong>retractavi,</strong></span> <span class='ocrx_word' id='word_1_57' title='bbox 741 1715 821 1800; x_wconf 86' lang='lat' dir='ltr'><strong>alia</strong></span> <span class='ocrx_word' id='word_1_58' title='bbox 852 1715 1022 1802; x_wconf 84' lang='lat' dir='ltr'><strong>certiore</strong></span> <span class='ocrx_word' id='word_1_59' title='bbox 1051 1713 1336 1798; x_wconf 88' lang='lat' dir='ltr'><strong>emendatione</strong></span> <span class='ocrx_word' id='word_1_60' title='bbox 1362 1717 1537 1812; x_wconf 86' lang='lat' dir='ltr'><strong>restitui,</strong></span> <span class='ocrx_word' id='word_1_61' title='bbox 1577 1733 1636 1820; x_wconf 90' lang='lat' dir='ltr'><strong>et,</strong></span> <span class='ocrx_word' id='word_1_62' title='bbox 1665 1717 1815 1828; x_wconf 91' lang='lat' dir='ltr'><strong>quibus</strong></span> <span class='ocrx_word' id='word_1_63' title='bbox 1842 1720 1887 1802; x_wconf 91' lang='lat' dir='ltr'><strong>in</strong></span> 
     </span>
     <span class='ocr_line' id='line_1_9' title="bbox 294 1857 1886 1974; baseline 0.003 -28"><span class='ocrx_word' id='word_1_64' title='bbox 294 1863 393 1946; x_wconf 89' lang='lat' dir='ltr'><strong>locis</strong></span> <span class='ocrx_word' id='word_1_65' title='bbox 422 1863 477 1944; x_wconf 88' lang='lat' dir='ltr'><strong>ab</strong></span> <span class='ocrx_word' id='word_1_66' title='bbox 504 1860 683 1944; x_wconf 73' lang='lat' dir='ltr'><strong>editione</strong></span> <span class='ocrx_word' id='word_1_67' title='bbox 706 1857 1104 1946; x_wconf 83' lang='lat' dir='ltr'><strong>Drakenborcbiana</strong></span> <span class='ocrx_word' id='word_1_68' title='bbox 1133 1859 1417 1965; x_wconf 87' lang='lat' dir='ltr'><strong>discessissem,</strong></span> <span class='ocrx_word' id='word_1_69' title='bbox 1441 1861 1653 1974; x_wconf 89' lang='lat' dir='ltr'><strong>diligenter</strong></span> <span class='ocrx_word' id='word_1_70' title='bbox 1680 1865 1886 1950; x_wconf 85' lang='lat' dir='ltr'><strong>annotavi.</strong></span> 
     </span>
     <span class='ocr_line' id='line_1_10' title="bbox 294 2003 1888 2120; baseline 0.005 -32"><span class='ocrx_word' id='word_1_71' title='bbox 294 2005 384 2114; x_wconf 83' lang='lat' dir='ltr'><strong>Hoc</strong></span> <span class='ocrx_word' id='word_1_72' title='bbox 419 2007 559 2090; x_wconf 88' lang='lat' dir='ltr'><strong>labore</strong></span> <span class='ocrx_word' id='word_1_73' title='bbox 595 2004 769 2090; x_wconf 86' lang='lat' dir='ltr'><strong>vixdum</strong></span> <span class='ocrx_word' id='word_1_74' title='bbox 806 2007 992 2092; x_wconf 86' lang='lat' dir='ltr'><strong>absoluto</strong></span> <span class='ocrx_word' id='word_1_75' title='bbox 1029 2024 1067 2090; x_wconf 90' lang='lat' dir='ltr'><strong>et</strong></span> <span class='ocrx_word' id='word_1_76' title='bbox 1103 2005 1304 2120; x_wconf 76' lang='lat' dir='ltr'><strong>perlecto,</strong></span> <span class='ocrx_word' id='word_1_77' title='bbox 1350 2003 1585 2112; x_wconf 80' lang='lat' dir='ltr'><strong>Reklrerns,</strong></span> <span class='ocrx_word' id='word_1_78' title='bbox 1632 2009 1700 2094; x_wconf 91' lang='lat' dir='ltr'><strong>cui</strong></span> <span class='ocrx_word' id='word_1_79' title='bbox 1736 2009 1888 2096; x_wconf 86' lang='lat' dir='ltr'><strong>codicis</strong></span> 
     </span>
     <span class='ocr_line' id='line_1_11' title="bbox 294 2130 2014 2268; baseline 0.007 -38"><span class='ocrx_word' id='word_1_80' title='bbox 294 2149 625 2234; x_wconf 82' lang='lat' dir='ltr'><strong>vindobonensis</strong></span> <span class='ocrx_word' id='word_1_81' title='bbox 653 2130 913 2235; x_wconf 86' lang='lat' dir='ltr'><strong>collationem</strong></span> <span class='ocrx_word' id='word_1_82' title='bbox 942 2147 1186 2266; x_wconf 82' lang='lat' dir='ltr'><strong>bibliopolae</strong></span> <span class='ocrx_word' id='word_1_83' title='bbox 1215 2154 1328 2238; x_wconf 89' lang='lat' dir='ltr'><strong>iussu</strong></span> <span class='ocrx_word' id='word_1_84' title='bbox 1357 2181 1654 2256; x_wconf 83' lang='lat' dir='ltr'><strong>concesseram,</strong></span> <span class='ocrx_word' id='word_1_85' title='bbox 1683 2154 1888 2268; x_wconf 88' lang='lat' dir='ltr'><strong>simulque</strong></span> <span class='ocrx_word' id='word_1_86' title='bbox 2010 2149 2014 2157; x_wconf 36' lang='lat'>⁸</span> 
     </span>
     <span class='ocr_line' id='line_1_12' title="bbox 294 2297 1888 2415; baseline 0.003 -35"><span class='ocrx_word' id='word_1_87' title='bbox 294 2327 371 2412; x_wconf 83' lang='lat' dir='ltr'><strong>per</strong></span> <span class='ocrx_word' id='word_1_88' title='bbox 403 2298 539 2382; x_wconf 86' lang='lat' dir='ltr'><strong>literas</strong></span> <span class='ocrx_word' id='word_1_89' title='bbox 576 2297 630 2408; x_wconf 87' lang='lat' dir='ltr'><strong>ad</strong></span> <span class='ocrx_word' id='word_1_90' title='bbox 669 2325 764 2380; x_wconf 90' lang='lat' dir='ltr'><strong>eum</strong></span> <span class='ocrx_word' id='word_1_91' title='bbox 801 2297 919 2382; x_wconf 87' lang='lat' dir='ltr'><strong>dates</strong></span> <span class='ocrx_word' id='word_1_92' title='bbox 955 2314 1097 2381; x_wconf 85' lang='lat' dir='ltr'><strong>auctor</strong></span> <span class='ocrx_word' id='word_1_93' title='bbox 1136 2297 1395 2398; x_wconf 88' lang='lat' dir='ltr'><strong>exstiteram,</strong></span> <span class='ocrx_word' id='word_1_94' title='bbox 1438 2314 1484 2381; x_wconf 90' lang='lat' dir='ltr'><strong>ut</strong></span> <span class='ocrx_word' id='word_1_95' title='bbox 1519 2299 1720 2405; x_wconf 84' lang='lat' dir='ltr'><strong>minorem</strong></span> <span class='ocrx_word' id='word_1_96' title='bbox 1753 2302 1888 2415; x_wconf 88' lang='lat' dir='ltr'><strong>potius</strong></span> 
     </span>
     <span class='ocr_line' id='line_1_13' title="bbox 294 2443 1888 2555; baseline 0 -27"><span class='ocrx_word' id='word_1_97' title='bbox 294 2445 648 2554; x_wconf 18' lang='lat' dir='ltr'><strong>quamimaiorem</strong></span> <span class='ocrx_word' id='word_1_98' title='bbox 679 2443 785 2528; x_wconf 85' lang='lat' dir='ltr'><strong>Livii</strong></span> <span class='ocrx_word' id='word_1_99' title='bbox 822 2444 1043 2530; x_wconf 86' lang='lat' dir='ltr'><strong>editionem</strong></span> <span class='ocrx_word' id='word_1_100' title='bbox 1080 2467 1201 2526; x_wconf 89' lang='lat' dir='ltr'><strong>ame</strong></span> <span class='ocrx_word' id='word_1_101' title='bbox 1230 2457 1416 2555; x_wconf 87' lang='lat' dir='ltr'><strong>paratam</strong></span> <span class='ocrx_word' id='word_1_102' title='bbox 1446 2457 1704 2551; x_wconf 86' lang='lat' dir='ltr'><strong>sequeretur,</strong></span> <span class='ocrx_word' id='word_1_103' title='bbox 1735 2469 1888 2528; x_wconf 86' lang='lat' dir='ltr'><strong>novam</strong></span> 
     </span>
     <span class='ocr_line' id='line_1_14' title="bbox 294 2584 1984 2698; baseline 0.001 -26"><span class='ocrx_word' id='word_1_104' title='bbox 294 2589 338 2672; x_wconf 91' lang='lat' dir='ltr'><strong>in</strong></span> <span class='ocrx_word' id='word_1_105' title='bbox 361 2617 489 2678; x_wconf 76' lang='lat' dir='ltr'><strong>,nsum</strong></span> <span class='ocrx_word' id='word_1_106' title='bbox 527 2589 763 2674; x_wconf 87' lang='lat' dir='ltr'><strong>scholarum</strong></span> <span class='ocrx_word' id='word_1_107' title='bbox 803 2587 1019 2674; x_wconf 82' lang='lat' dir='ltr'><strong>adornavit</strong></span> <span class='ocrx_word' id='word_1_108' title='bbox 1046 2584 1154 2669; x_wconf 90' lang='lat' dir='ltr'><strong>Livii</strong></span> <span class='ocrx_word' id='word_1_109' title='bbox 1190 2585 1430 2688; x_wconf 85' lang='lat' dir='ltr'><strong>editionem,</strong></span> <span class='ocrx_word' id='word_1_110' title='bbox 1464 2613 1573 2696; x_wconf 88' lang='lat' dir='ltr'><strong>quae</strong></span> <span class='ocrx_word' id='word_1_111' title='bbox 1609 2587 1819 2698; x_wconf 83' lang='lat' dir='ltr'><strong>quomodo</strong></span> <span class='ocrx_word' id='word_1_112' title='bbox 1843 2589 1888 2674; x_wconf 90' lang='lat' dir='ltr'><strong>in</strong></span> <span class='ocrx_word' id='word_1_113' title='bbox 1978 2683 1984 2698; x_wconf 44' lang='grc'>,</span> 
     </span>
     <span class='ocr_line' id='line_1_15' title="bbox 293 2729 1946 2850; baseline 0.001 -32"><span class='ocrx_word' id='word_1_114' title='bbox 293 2736 586 2850; x_wconf 79' lang='lat' dir='ltr'><strong>posterioribus</strong></span> <span class='ocrx_word' id='word_1_115' title='bbox 615 2738 800 2819; x_wconf 81' lang='lat' dir='ltr'><strong>maxime</strong></span> <span class='ocrx_word' id='word_1_116' title='bbox 829 2735 935 2818; x_wconf 80' lang='lat' dir='ltr'><strong>Livii</strong></span> <span class='ocrx_word' id='word_1_117' title='bbox 971 2735 1084 2816; x_wconf 88' lang='lat' dir='ltr'><strong>libris</strong></span> <span class='ocrx_word' id='word_1_118' title='bbox 1122 2729 1170 2812; x_wconf 89' lang='lat' dir='ltr'><strong>sit</strong></span> <span class='ocrx_word' id='word_1_119' title='bbox 1209 2747 1467 2840; x_wconf 82' lang='lat' dir='ltr'><strong>comparate,</strong></span> <span class='ocrx_word' id='word_1_120' title='bbox 1502 2731 1675 2812; x_wconf 81' lang='lat' dir='ltr'><strong>breviter</strong></span> <span class='ocrx_word' id='word_1_121' title='bbox 1710 2732 1888 2818; x_wconf 85' lang='lat' dir='ltr'><strong>demon-&#39;-</strong></span> <span class='ocrx_word' id='word_1_122' title='bbox 1944 2829 1946 2839; x_wconf 44' lang='lat'><strong>,</strong></span> 
     </span>
     <span class='ocr_line' id='line_1_16' title="bbox 294 2866 1889 2984; baseline 0.003 -28"><span class='ocrx_word' id='word_1_123' title='bbox 294 2887 443 2956; x_wconf 86' lang='lat' dir='ltr'><strong>etrasse</strong></span> <span class='ocrx_word' id='word_1_124' title='bbox 468 2870 634 2954; x_wconf 80' lang='lat' dir='ltr'><strong>iuvabit.</strong></span> <span class='ocrx_word' id='word_1_125' title='bbox 692 2867 878 2952; x_wconf 89' lang='lat' dir='ltr'><strong>Primum</strong></span> <span class='ocrx_word' id='word_1_126' title='bbox 907 2868 1049 2980; x_wconf 88' lang='lat' dir='ltr'><strong>igitur,</strong></span> <span class='ocrx_word' id='word_1_127' title='bbox 1089 2868 1200 2978; x_wconf 87' lang='lat' dir='ltr'><strong>quod</strong></span> <span class='ocrx_word' id='word_1_128' title='bbox 1238 2866 1733 2984; x_wconf 85' lang='lat' dir='ltr'><strong>Baumgarten·Crusius·</strong></span> <span class='ocrx_word' id='word_1_129' title='bbox 1751 2877 1889 2960; x_wconf 83' lang='lat' dir='ltr'><strong>fecere</strong></span> 
     </span>
     <span class='ocr_line' id='line_1_17' title="bbox 295 3011 1888 3130; baseline 0.004 -30"><span class='ocrx_word' id='word_1_130' title='bbox 295 3029 379 3100; x_wconf 75' lang='lat' dir='ltr'><strong>tion</strong></span> <span class='ocrx_word' id='word_1_131' title='bbox 410 3013 554 3128; x_wconf 89' lang='lat' dir='ltr'><strong>potnit,</strong></span> <span class='ocrx_word' id='word_1_132' title='bbox 571 3011 786 3114; x_wconf 82' lang='lat' dir='ltr'><strong>Bekkerus</strong></span> <span class='ocrx_word' id='word_1_133' title='bbox 814 3013 952 3098; x_wconf 85' lang='lat' dir='ltr'><strong>facere</strong></span> <span class='ocrx_word' id='word_1_134' title='bbox 974 3011 1114 3114; x_wconf 84' lang='lat' dir='ltr'><strong>noluit,</strong></span> <span class='ocrx_word' id='word_1_135' title='bbox 1144 3028 1182 3093; x_wconf 87' lang='lat' dir='ltr'><strong>et</strong></span> <span class='ocrx_word' id='word_1_136' title='bbox 1211 3015 1336 3096; x_wconf 88' lang='lat' dir='ltr'><strong>verba</strong></span> <span class='ocrx_word' id='word_1_137' title='bbox 1354 3015 1575 3129; x_wconf 80' lang='lat' dir='ltr'><strong>scriptoris,</strong></span> <span class='ocrx_word' id='word_1_138' title='bbox 1594 3027 1741 3103; x_wconf 81' lang='lat' dir='ltr'><strong>&#39;contre</strong></span> <span class='ocrx_word' id='word_1_139' title='bbox 1759 3045 1888 3130; x_wconf 87' lang='lat' dir='ltr'><strong>qnam</strong></span> 
     </span>
     <span class='ocr_line' id='line_1_18' title="bbox 297 3154 1888 3273; baseline 0.005 -31"><span class='ocrx_word' id='word_1_140' title='bbox 297 3160 335 3242; x_wconf 90' lang='lat' dir='ltr'><strong>ei</strong></span> <span class='ocrx_word' id='word_1_141' title='bbox 358 3185 585 3260; x_wconf 80' lang='lat' dir='ltr'><strong>suaseram,</strong></span> <span class='ocrx_word' id='word_1_142' title='bbox 615 3186 669 3240; x_wconf 89' lang='lat' dir='ltr'><strong>ex</strong></span> <span class='ocrx_word' id='word_1_143' title='bbox 698 3158 868 3259; x_wconf 84' lang='lat' dir='ltr'><strong>maiore,</strong></span> <span class='ocrx_word' id='word_1_144' title='bbox 898 3184 1027 3268; x_wconf 87' lang='lat' dir='ltr'><strong>quarn</strong></span> <span class='ocrx_word' id='word_1_145' title='bbox 1056 3154 1157 3257; x_wconf 84' lang='lat' dir='ltr'><strong>dixi,</strong></span> <span class='ocrx_word' id='word_1_146' title='bbox 1186 3174 1223 3240; x_wconf 91' lang='lat' dir='ltr'><strong>et</strong></span> <span class='ocrx_word' id='word_1_147' title='bbox 1247 3159 1547 3273; x_wconf 72' lang='lat' dir='ltr'><strong>imperfectiores</strong></span> <span class='ocrx_word' id='word_1_148' title='bbox 1574 3158 1680 3246; x_wconf 75' lang='lat' dir='ltr'><strong>livii</strong></span> <span class='ocrx_word' id='word_1_149' title='bbox 1711 3163 1888 3250; x_wconf 88' lang='lat' dir='ltr'><strong>editione</strong></span> 
     </span>
     <span class='ocr_line' id='line_1_19' title="bbox 297 3301 1888 3414; baseline 0.006 -26"><span class='ocrx_word' id='word_1_150' title='bbox 297 3303 353 3388; x_wconf 85' lang='lat' dir='ltr'><strong>ita</strong></span> <span class='ocrx_word' id='word_1_151' title='bbox 377 3301 552 3388; x_wconf 80' lang='lat' dir='ltr'><strong>describi</strong></span> <span class='ocrx_word' id='word_1_152' title='bbox 581 3302 707 3406; x_wconf 90' lang='lat' dir='ltr'><strong>iussit,</strong></span> <span class='ocrx_word' id='word_1_153' title='bbox 738 3319 781 3385; x_wconf 89' lang='lat' dir='ltr'><strong>ut</strong></span> <span class='ocrx_word' id='word_1_154' title='bbox 810 3331 858 3386; x_wconf 88' lang='lat' dir='ltr'><strong>ea</strong></span> <span class='ocrx_word' id='word_1_155' title='bbox 877 3303 1029 3406; x_wconf 89' lang='lat' dir='ltr'><strong>omnia,</strong></span> <span class='ocrx_word' id='word_1_156' title='bbox 1058 3304 1235 3414; x_wconf 87' lang='lat' dir='ltr'><strong>quaein</strong></span> <span class='ocrx_word' id='word_1_157' title='bbox 1265 3306 1424 3388; x_wconf 92' lang='lat' dir='ltr'><strong>minore</strong></span> <span class='ocrx_word' id='word_1_158' title='bbox 1452 3308 1581 3390; x_wconf 85' lang='lat' dir='ltr'><strong>multo</strong></span> <span class='ocrx_word' id='word_1_159' title='bbox 1610 3311 1888 3400; x_wconf 86' lang='lat' dir='ltr'><strong>emendatiora</strong></span> 
     </span>
     <span class='ocr_line' id='line_1_20' title="bbox 296 3449 1887 3569; baseline 0.008 -37"><span class='ocrx_word' id='word_1_160' title='bbox 296 3449 504 3563; x_wconf 88' lang='lat' dir='ltr'><strong>leguntur,</strong></span> <span class='ocrx_word' id='word_1_161' title='bbox 540 3449 748 3534; x_wconf 81' lang='lat' dir='ltr'><strong>fastidiose</strong></span> <span class='ocrx_word' id='word_1_162' title='bbox 771 3452 990 3565; x_wconf 80' lang='lat' dir='ltr'><strong>negligeret</strong></span> <span class='ocrx_word' id='word_1_163' title='bbox 1018 3467 1141 3560; x_wconf 87' lang='lat' dir='ltr'><strong>atque</strong></span> <span class='ocrx_word' id='word_1_164' title='bbox 1169 3449 1324 3561; x_wconf 88' lang='lat' dir='ltr'><strong>aliquot</strong></span> <span class='ocrx_word' id='word_1_165' title='bbox 1357 3451 1548 3536; x_wconf 89' lang='lat' dir='ltr'><strong>lectiones</strong></span> <span class='ocrx_word' id='word_1_166' title='bbox 1577 3483 1602 3538; x_wconf 87' lang='lat' dir='ltr'><strong>a</strong></span> <span class='ocrx_word' id='word_1_167' title='bbox 1628 3473 1719 3559; x_wconf 84' lang='lat' dir='ltr'><strong>me,</strong></span> <span class='ocrx_word' id='word_1_168' title='bbox 1755 3487 1887 3569; x_wconf 80' lang='lat' dir='ltr'><strong>quum</strong></span> 
     </span>
     <span class='ocr_line' id='line_1_21' title="bbox 296 3587 1888 3712; baseline 0.003 -32"><span class='ocrx_word' id='word_1_169' title='bbox 296 3594 350 3680; x_wconf 91' lang='lat' dir='ltr'><strong>de</strong></span> <span class='ocrx_word' id='word_1_170' title='bbox 378 3621 475 3678; x_wconf 83' lang='lat' dir='ltr'><strong>vera</strong></span> <span class='ocrx_word' id='word_1_171' title='bbox 503 3593 655 3676; x_wconf 87' lang='lat' dir='ltr'><strong>codicis</strong></span> <span class='ocrx_word' id='word_1_172' title='bbox 686 3594 887 3712; x_wconf 87' lang='lat' dir='ltr'><strong>scriptura</strong></span> <span class='ocrx_word' id='word_1_173' title='bbox 926 3621 999 3708; x_wconf 89' lang='lat' dir='ltr'><strong>per</strong></span> <span class='ocrx_word' id='word_1_174' title='bbox 1027 3587 1292 3705; x_wconf 85' lang='lat' dir='ltr'><strong>Kopitarium</strong></span> <span class='ocrx_word' id='word_1_175' title='bbox 1330 3594 1501 3678; x_wconf 89' lang='lat' dir='ltr'><strong>certiora</strong></span> <span class='ocrx_word' id='word_1_176' title='bbox 1539 3609 1668 3682; x_wconf 82' lang='lat' dir='ltr'><strong>essem</strong></span> <span class='ocrx_word' id='word_1_177' title='bbox 1707 3597 1888 3704; x_wconf 89' lang='lat' dir='ltr'><strong>edoctus,</strong></span> 
     </span>
     <span class='ocr_line' id='line_1_22' title="bbox 296 3733 1888 3851; baseline 0.004 -27"><span class='ocrx_word' id='word_1_178' title='bbox 296 3739 386 3824; x_wconf 83' lang='lat' dir='ltr'><strong>iure</strong></span> <span class='ocrx_word' id='word_1_179' title='bbox 415 3737 641 3848; x_wconf 89' lang='lat' dir='ltr'><strong>meritoque</strong></span> <span class='ocrx_word' id='word_1_180' title='bbox 668 3739 904 3851; x_wconf 84' lang='lat' dir='ltr'><strong>reprobatas</strong></span> <span class='ocrx_word' id='word_1_181' title='bbox 930 3765 1004 3849; x_wconf 89' lang='lat' dir='ltr'><strong>per</strong></span> <span class='ocrx_word' id='word_1_182' title='bbox 1031 3733 1352 3848; x_wconf 87' lang='lat' dir='ltr'><strong>imprudentiam</strong></span> <span class='ocrx_word' id='word_1_183' title='bbox 1382 3740 1459 3822; x_wconf 77' lang='lat' dir='ltr'><strong>rel.</strong></span> <span class='ocrx_word' id='word_1_184' title='bbox 1474 3767 1527 3824; x_wconf 84' lang='lat' dir='ltr'><strong>ex</strong></span> <span class='ocrx_word' id='word_1_185' title='bbox 1558 3759 1695 3828; x_wconf 83' lang='lat' dir='ltr'><strong>nostra</strong></span> <span class='ocrx_word' id='word_1_186' title='bbox 1712 3743 1888 3847; x_wconf 86' lang='lat' dir='ltr'><strong>editione</strong></span> 
     </span>
     <span class='ocr_line' id='line_1_23' title="bbox 296 3871 1887 4001; baseline 0.003 -31"><span class='ocrx_word' id='word_1_187' title='bbox 296 3902 506 4001; x_wconf 82' lang='lat' dir='ltr'><strong>repeteret,</strong></span> <span class='ocrx_word' id='word_1_188' title='bbox 536 3885 599 3969; x_wconf 84' lang='lat' dir='ltr'><strong>rel</strong></span> <span class='ocrx_word' id='word_1_189' title='bbox 628 3915 680 3970; x_wconf 83' lang='lat' dir='ltr'><strong>ex</strong></span> <span class='ocrx_word' id='word_1_190' title='bbox 709 3886 860 3971; x_wconf 85' lang='lat' dir='ltr'><strong>codicis</strong></span> <span class='ocrx_word' id='word_1_191' title='bbox 884 3871 1103 3970; x_wconf 88' lang='lat' dir='ltr'><strong>collatione</strong></span> <span class='ocrx_word' id='word_1_192' title='bbox 1131 3883 1383 3997; x_wconf 77' lang='lat' dir='ltr'><strong>reciperet⁸),</strong></span> <span class='ocrx_word' id='word_1_193' title='bbox 1412 3901 1450 3968; x_wconf 91' lang='lat' dir='ltr'><strong>et</strong></span> <span class='ocrx_word' id='word_1_194' title='bbox 1480 3915 1532 3970; x_wconf 91' lang='lat' dir='ltr'><strong>ne</strong></span> <span class='ocrx_word' id='word_1_195' title='bbox 1561 3889 1758 3974; x_wconf 86' lang='lat' dir='ltr'><strong>vocabule</strong></span> <span class='ocrx_word' id='word_1_196' title='bbox 1788 3890 1887 4001; x_wconf 79' lang='lat' dir='ltr'><strong>qui-</strong></span> 
     </span>
     <span class='ocr_line' id='line_1_24' title="bbox 297 4009 1886 4144; baseline 0.005 -31"><span class='ocrx_word' id='word_1_197' title='bbox 297 4025 393 4113; x_wconf 88' lang='lat' dir='ltr'><strong>dem</strong></span> <span class='ocrx_word' id='word_1_198' title='bbox 411 4030 454 4112; x_wconf 93' lang='lat' dir='ltr'><strong>in</strong></span> <span class='ocrx_word' id='word_1_199' title='bbox 480 4028 684 4143; x_wconf 74' lang='lat' dir='ltr'><strong>prioribus</strong></span> <span class='ocrx_word' id='word_1_200' title='bbox 700 4025 808 4112; x_wconf 87' lang='lat' dir='ltr'><strong>Livii</strong></span> <span class='ocrx_word' id='word_1_201' title='bbox 821 4009 985 4113; x_wconf 72' lang='lat' dir='ltr'><strong>¹librisa</strong></span> <span class='ocrx_word' id='word_1_202' title='bbox 1013 4009 1269 4144; x_wconf 81' lang='lat' dir='ltr'><strong>typographo</strong></span> <span class='ocrx_word' id='word_1_203' title='bbox 1298 4047 1449 4120; x_wconf 89' lang='lat' dir='ltr'><strong>temere</strong></span> <span class='ocrx_word' id='word_1_204' title='bbox 1477 4034 1626 4118; x_wconf 85' lang='lat' dir='ltr'><strong>omissa</strong></span> <span class='ocrx_word' id='word_1_205' title='bbox 1650 4035 1886 4122; x_wconf 88' lang='lat' dir='ltr'><strong>restitueret.</strong></span> 
     </span>
     <span class='ocr_line' id='line_1_25' title="bbox 261 4169 1888 4287; baseline 0.006 -33"><span class='ocrx_word' id='word_1_206' title='bbox 261 4226 265 4233; x_wconf 93' lang='lat'>-</span> <span class='ocrx_word' id='word_1_207' title='bbox 297 4169 457 4254; x_wconf 87' lang='lat' dir='ltr'><strong>Deinde</strong></span> <span class='ocrx_word' id='word_1_208' title='bbox 485 4173 729 4285; x_wconf 88' lang='lat' dir='ltr'><strong>permultas,</strong></span> <span class='ocrx_word' id='word_1_209' title='bbox 763 4171 804 4274; x_wconf 81' lang='lat' dir='ltr'><strong>id</strong></span> <span class='ocrx_word' id='word_1_210' title='bbox 834 4170 947 4282; x_wconf 87' lang='lat' dir='ltr'><strong>quod</strong></span> <span class='ocrx_word' id='word_1_211' title='bbox 978 4199 1224 4287; x_wconf 87' lang='lat' dir='ltr'><strong>magnopere</strong></span> <span class='ocrx_word' id='word_1_212' title='bbox 1251 4174 1399 4274; x_wconf 88' lang='lat' dir='ltr'><strong>laetor,</strong></span> <span class='ocrx_word' id='word_1_213' title='bbox 1435 4172 1740 4258; x_wconf 87' lang='lat' dir='ltr'><strong>emendationes</strong></span> <span class='ocrx_word' id='word_1_214' title='bbox 1765 4205 1789 4258; x_wconf 92' lang='lat' dir='ltr'><strong>a</strong></span> <span class='ocrx_word' id='word_1_215' title='bbox 1820 4205 1888 4264; x_wconf 89' lang='lat' dir='ltr'><strong>me</strong></span> 
     </span>
     <span class='ocr_line' id='line_1_26' title="bbox 262 4307 1886 4440; baseline 0.005 -40"><span class='ocrx_word' id='word_1_216' title='bbox 262 4307 264 4312; x_wconf 36' lang='lat'><strong><em>¹</em></strong></span> <span class='ocrx_word' id='word_1_217' title='bbox 297 4319 361 4402; x_wconf 83' lang='lat' dir='ltr'><strong>vel</strong></span> <span class='ocrx_word' id='word_1_218' title='bbox 390 4345 443 4400; x_wconf 84' lang='lat' dir='ltr'><strong>ex</strong></span> <span class='ocrx_word' id='word_1_219' title='bbox 464 4317 554 4430; x_wconf 89' lang='lat' dir='ltr'><strong>ipso</strong></span> <span class='ocrx_word' id='word_1_220' title='bbox 578 4319 718 4404; x_wconf 87' lang='lat' dir='ltr'><strong>codice</strong></span> <span class='ocrx_word' id='word_1_221' title='bbox 746 4319 889 4434; x_wconf 89' lang='lat' dir='ltr'><strong>petitas</strong></span> <span class='ocrx_word' id='word_1_222' title='bbox 912 4320 977 4402; x_wconf 89' lang='lat' dir='ltr'><strong>vel</strong></span> <span class='ocrx_word' id='word_1_223' title='bbox 1006 4319 1236 4404; x_wconf 86' lang='lat' dir='ltr'><strong>coniectura</strong></span> <span class='ocrx_word' id='word_1_224' title='bbox 1254 4336 1436 4433; x_wconf 85' lang='lat' dir='ltr'><strong>repertas</strong></span> <span class='ocrx_word' id='word_1_225' title='bbox 1464 4347 1632 4428; x_wconf 86' lang='lat' dir='ltr'><strong>assensn</strong></span> <span class='ocrx_word' id='word_1_226' title='bbox 1661 4323 1764 4406; x_wconf 89' lang='lat' dir='ltr'><strong>mibi</strong></span> <span class='ocrx_word' id='word_1_227' title='bbox 1787 4353 1886 4440; x_wconf 87' lang='lat' dir='ltr'><strong>per—</strong></span> 
     </span>
     <span class='ocr_line' id='line_1_27' title="bbox 298 4461 1885 4580; baseline 0.003 -32"><span class='ocrx_word' id='word_1_228' title='bbox 298 4461 426 4575; x_wconf 85' lang='lat' dir='ltr'><strong>quam</strong></span> <span class='ocrx_word' id='word_1_229' title='bbox 453 4463 680 4550; x_wconf 84' lang='lat' dir='ltr'><strong>honorifico</strong></span> <span class='ocrx_word' id='word_1_230' title='bbox 709 4466 1003 4580; x_wconf 88' lang='lat' dir='ltr'><strong>comprobavit,</strong></span> <span class='ocrx_word' id='word_1_231' title='bbox 1032 4464 1102 4548; x_wconf 90' lang='lat' dir='ltr'><strong>sed</strong></span> <span class='ocrx_word' id='word_1_232' title='bbox 1133 4463 1263 4566; x_wconf 89' lang='lat' dir='ltr'><strong>tacite,</strong></span> <span class='ocrx_word' id='word_1_233' title='bbox 1293 4479 1336 4544; x_wconf 89' lang='lat' dir='ltr'><strong>ut</strong></span> <span class='ocrx_word' id='word_1_234' title='bbox 1365 4463 1476 4566; x_wconf 90' lang='lat' dir='ltr'><strong>solet,</strong></span> <span class='ocrx_word' id='word_1_235' title='bbox 1505 4466 1547 4546; x_wconf 92' lang='lat' dir='ltr'><strong>in</strong></span> <span class='ocrx_word' id='word_1_236' title='bbox 1573 4466 1766 4550; x_wconf 87' lang='lat' dir='ltr'><strong>orationis</strong></span> <span class='ocrx_word' id='word_1_237' title='bbox 1782 4495 1885 4552; x_wconf 80' lang='lat' dir='ltr'><strong>con-</strong></span> 
     </span>
     <span class='ocr_line' id='line_1_28' title="bbox 300 4593 1885 4722; baseline 0.004 -31"><span class='ocrx_word' id='word_1_238' title='bbox 300 4626 455 4706; x_wconf 81' lang='lat' dir='ltr'><strong>textum</strong></span> <span class='ocrx_word' id='word_1_239' title='bbox 485 4609 654 4722; x_wconf 85' lang='lat' dir='ltr'><strong>recepit,</strong></span> <span class='ocrx_word' id='word_1_240' title='bbox 690 4610 745 4694; x_wconf 88' lang='lat' dir='ltr'><strong>ite</strong></span> <span class='ocrx_word' id='word_1_241' title='bbox 776 4626 840 4712; x_wconf 91' lang='lat' dir='ltr'><strong>ut,</strong></span> <span class='ocrx_word' id='word_1_242' title='bbox 877 4593 1006 4720; x_wconf 70' lang='lat' dir='ltr'><strong>qinom</strong></span> <span class='ocrx_word' id='word_1_243' title='bbox 1037 4637 1243 4720; x_wconf 87' lang='lat' dir='ltr'><strong>nusquam</strong></span> <span class='ocrx_word' id='word_1_244' title='bbox 1272 4609 1350 4692; x_wconf 89' lang='lat' dir='ltr'><strong>nisi</strong></span> <span class='ocrx_word' id='word_1_245' title='bbox 1379 4610 1432 4694; x_wconf 87' lang='lat' dir='ltr'><strong>ad</strong></span> <span class='ocrx_word' id='word_1_246' title='bbox 1459 4608 1591 4713; x_wconf 86' lang='lat' dir='ltr'><strong>XLll,</strong></span> <span class='ocrx_word' id='word_1_247' title='bbox 1618 4607 1694 4698; x_wconf 80' lang='grc'><strong>65.</strong></span> <span class='ocrx_word' id='word_1_248' title='bbox 1732 4611 1885 4718; x_wconf 80' lang='lat' dir='ltr'><strong>XLIH,</strong></span> 
     </span>
     <span class='ocr_line' id='line_1_29' title="bbox 299 4749 1885 4866; baseline 0.006 -30"><span class='ocrx_word' id='word_1_249' title='bbox 299 4751 374 4840; x_wconf 81' lang='lat'><strong>21.</strong></span> <span class='ocrx_word' id='word_1_250' title='bbox 403 4771 528 4866; x_wconf 85' lang='lat' dir='ltr'><strong>atque</strong></span> <span class='ocrx_word' id='word_1_251' title='bbox 554 4751 689 4858; x_wconf 88' lang='lat' dir='ltr'><strong>XLV,</strong></span> <span class='ocrx_word' id='word_1_252' title='bbox 719 4749 791 4836; x_wconf 75' lang='lat'><strong>21.</strong></span> <span class='ocrx_word' id='word_1_253' title='bbox 819 4751 956 4838; x_wconf 74' lang='lat'>0128.</span> <span class='ocrx_word' id='word_1_254' title='bbox 984 4756 1121 4840; x_wconf 90' lang='lat' dir='ltr'><strong>locum</strong></span> <span class='ocrx_word' id='word_1_255' title='bbox 1148 4783 1171 4840; x_wconf 89' lang='lat' dir='ltr'><strong>a</strong></span> <span class='ocrx_word' id='word_1_256' title='bbox 1202 4783 1270 4838; x_wconf 92' lang='lat' dir='ltr'><strong>me</strong></span> <span class='ocrx_word' id='word_1_257' title='bbox 1299 4755 1563 4840; x_wconf 89' lang='lat' dir='ltr'><strong>emendatum</strong></span> <span class='ocrx_word' id='word_1_258' title='bbox 1593 4781 1679 4842; x_wconf 89' lang='lat' dir='ltr'><strong>esse</strong></span> <span class='ocrx_word' id='word_1_259' title='bbox 1709 4777 1885 4844; x_wconf 85' lang='lat' dir='ltr'><strong>annota-</strong></span> 
     </span>
    </p>
   </div>
   <div class='ocr_carea' id='block_1_2' title="bbox 0 0 2395 5988">
    <p class='ocr_par' dir='ltr' id='par_1_2' title="bbox 0 0 2395 5988">
     <span class='ocr_line' id='line_1_30' title="bbox 0 0 2395 5988; baseline 0 0"><span class='ocrx_word' id='word_1_260' title='bbox 0 0 2395 5988; x_wconf 95' lang='lat' dir='ltr'><strong> </strong></span> 
     </span>
    </p>
   </div>
  </div>
 </body>
</html>
