4814 5970
497 669 547 756 0⁰

585 832 672 926 Cep,
689 829 828 909 XXXI.
850 831 885 902 id
906 829 997 924 qnod
1018 827 1099 907 ltelli
1121 839 1224 918 eeput
1244 829 1362 916 tuens]
1379 827 1464 898 cat.
1481 831 1527 898 nd
1548 832 1640 924 qued
1661 829 1782 907 tettiea
1801 843 1972 920 potuerat,
1993 833 2116 923 Vides,

500 936 600 1006 verbe
625 936 703 1010 delli
725 947 825 1026 eaput
852 944 927 1007 erat
950 933 1091 1024 primum
1114 933 1148 1002 in
1173 933 1293 1000 bellica
1319 942 1477 1021 poterat,
1492 985 1495 992 ⁴
1512 931 1632 998 deinde
1657 935 1692 1000 in
1720 933 1839 1006 bellica
1858 947 2013 1024 potuerat
2041 961 2116 1008 esee

501 1051 670 1130 corrupte.
718 1038 759 1113 ln
784 1038 909 1126 meiere
937 1035 1039 1126 igitur
1060 1035 1151 1104 Livii
1181 1035 1328 1102 editione
1358 1035 1399 1103 de
1430 1036 1694 1102 lirelsenborelrii
1727 1039 1891 1107 sententie
1917 1040 2056 1129 ees-ipsis
2081 1042 2118 1108 id

501 1141 593 1238 quod
614 1142 692 1210 delli
712 1153 816 1232 eaput
836 1152 922 1209 aas.
943 1141 1017 1211 Bu.
1043 1143 1086 1209 B.
1133 1140 1254 1208 Pontes
1277 1163 1367 1222 vero,
1398 1162 1498 1228 quum
1525 1139 1675 1210 rosulum
1697 1142 1780 1206 ade
1803 1142 1938 1208 librario
1966 1167 2008 1210 ex
2028 1157 2117 1213 ente·

417 1279 427 1296 ·
502 1246 697 1322 cedentibus
720 1257 841 1321 temere
863 1246 1035 1333 repetitum
1058 1267 1131 1311 esse
1154 1243 1405 1325 intellexissem,
1429 1241 1462 1306 in
1487 1243 1613 1308 minore
1640 1243 1726 1310 Livii
1751 1242 1896 1312 editione
1919 1247 2009 1335 pund
2037 1245 2118 1316 teta·

503 1357 604 1434 eaput
626 1359 702 1419 erut
721 1344 948 1435 reponendum
971 1367 1044 1412 esse
1065 1343 1219 1412 iudicari.
1263 1344 1396 1414 Etenim
1420 1347 1457 1412 id
1477 1349 1568 1440 quod
1598 1369 1639 1412 ex
1663 1349 1902 1415 consuetudine
1929 1349 2033 1416 letine
2062 1349 2115 1414 lie

407 1521 417 1540 ο
503 1474 570 1518 non
593 1452 697 1538 magis
720 1450 799 1516 lerri
820 1461 950 1538 potest,
977 1471 1074 1536 quem
1097 1447 1172 1512 Liv.
1196 1445 1261 1529 Vl,
1287 1447 1337 1514 ¹7.
1362 1459 1395 1514 et
1416 1447 1587 1533 xxxm,
1612 1448 1665 1514 ⁴8.
1689 1474 1730 1516 er
1755 1450 1886 1538 vulgate
1916 1451 2050 1540 quidem
2072 1450 2115 1518 le·

502 1555 631 1636 etione,
655 1575 753 1640 quem
773 1563 913 1639 utroque
935 1549 1008 1618 loco
1033 1547 1076 1613 ite
1100 1546 1289 1629 emendavi,
1322 1562 1357 1616 ut
1379 1551 1437 1617 illo
1461 1576 1522 1640 pro
1545 1555 1580 1620 id
1602 1555 1693 1649 quod
1715 1559 1865 1642 erepturi
1886 1565 2001 1638 erant,
2025 1552 2116 1642 qnod

504 1653 671 1724 Belskerns
693 1667 725 1721 et
746 1652 981 1720 Alschefskius
1004 1675 1175 1740 perpetem
1198 1651 1423 1741 retinuerunt,
1447 1657 1850 1744 monogeneu-Grumum
1872 1671 2005 1724 secutus
2026 1658 2116 1751 quod

503 1762 654 1845 erepturi
682 1768 781 1824 erant
808 1757 842 1823 in
869 1757 969 1826 sltem
992 1754 1080 1822 Livii
1110 1754 1254 1821 editione
1283 1780 1490 1846 reponerem,
1522 1761 1585 1826 line
1608 1771 1716 1826 eutem
1739 1783 1799 1848 pro
1829 1763 1866 1826 id
1891 1762 1983 1856 quud
2003 1785 2116 1830 serum

503 1874 579 1931 erut
600 1885 641 1930 ex
662 1862 735 1928 eod.
760 1861 877 1928 Bemb.
909 1862 955 1930 nd
983 1862 1020 1925 id
1047 1860 1138 1954 pund
1158 1882 1270 1924 seruus
1298 1868 1373 1924 erat
1402 1859 1497 1926 Livio
1529 1861 1749 1928 restituerem.
1779 1862 1858 1928 vid.
1889 1861 2116 1928 lluddimenni

501 1969 585 2036 lust.
610 1968 757 2036 (iremm.
781 1966 856 2033 Lot.
887 1967 979 2032 Pert.
1000 1964 1047 2030 ll.
1073 1989 1106 2052 p.
1130 1962 1182 2028 23.
1206 1973 1239 2027 et
1262 1960 1404 2050 Reisigii
1427 1964 1572 2032 Gremm.
1597 1964 1672 2030 Lot.
1698 1991 1731 2054 p.
1753 1961 1828 2030 355.
1863 1965 1975 2054 ibique
1998 1963 2115 2031 llnnsii

500 2082 570 2138 not.
594 2068 669 2136 tot.
693 2107 732 2120 -
757 2068 974 2136 munitissimo
994 2069 1092 2155 longe
1115 2069 1186 2154 est]
1214 2065 1328 2132 Malim
1356 2069 1453 2159 lnnpe
1475 2075 1694 2138 munitissima
1716 2083 1777 2138 est.
1822 2071 1880 2138 Sic
1905 2071 2016 2162 paullo
2040 2080 2116 2159 post

450 2239 463 2262 ,
501 2177 599 2268 loupe
621 2179 801 2244 altissimus
821 2175 957 2262 legitur.
1001 2174 1082 2238 Vid.
1107 2173 1357 2240 Drelsenboreh.
1383 2171 1424 2236 ed
1445 2171 1521 2238 Liv.
1543 2173 1607 2256 Vl,
1630 2175 1683 2258 32,
1707 2173 1740 2240 5.
1763 2212 1806 2224 -
1835 2174 2006 2254 Bnrbnue]
2028 2175 2113 2241 Cod.

501 2280 699 2363 dardanua,
731 2303 829 2370 quem
852 2277 995 2346 nominis
1020 2278 1175 2361 formem,
1208 2299 1309 2364 quum
1336 2275 1397 2342 lroc
1421 2275 1542 2342 llomeu
1566 2300 1584 2342 n
1604 2276 1707 2342 Vibio
1737 2277 1907 2366 Sequcstri
1930 2279 2115 2348 Barderuea

501 2393 654 2463 vocetur,
677 2381 730 2446 hic
753 2393 786 2446 et
806 2380 909 2458 inire,
934 2377 990 2442 nbi
1013 2377 1046 2442 in
1067 2376 1182 2443 codice
1203 2377 1354 2461 dubano,
1382 2389 1414 2442 et
1436 2379 1469 2444 in
1491 2379 1517 2446 F
1521 2380 1591 2444 rob.
1619 2381 1647 2444 l.
1672 2382 1835 2448 Barbann
1857 2383 2000 2470 legitur,
2024 2406 2115 2472 pree·

501 2483 668 2549 ierendem
691 2483 815 2572 putavi.
839 2481 915 2549 BG.
938 2483 981 2548 Β.
1015 2519 1053 2532 -
1086 2479 1234 2564 Seodro]
1263 2478 1347 2543 Cod.
1378 2482 1512 2548 scodra.
1559 2483 1663 2548 Recte
1687 2485 1786 2572 igitur
1808 2487 2113 2572 Drelsenborclrius‚

501 2608 602 2673 quum
623 2583 754 2668 XLllt,
776 2583 829 2650 20.
854 2587 968 2674 inpune
990 2583 1113 2650 Scordi
1134 2587 1255 2649 montis
1278 2597 1568 2668 commemoretur,
1592 2587 1688 2652 etiem
1710 2589 1783 2672 lic,
1808 2589 1912 2654 literis
1936 2592 2115 2681 trensposi·

501 2689 557 2772 tis,
571 2688 712 2769 Scordo,
730 2700 762 2754 et
780 2685 892 2777 peullo
916 2697 992 2775 post
1007 2687 1157 2753 Scordus
1181 2709 1242 2774 pro
1259 2687 1422 2773 Scodrus,
1437 2689 1526 2778 quod
1550 2689 1582 2755 io
1607 2692 1720 2757 codiee
1743 2691 1878 2778 legitur,
1902 2693 2114 2758 scribendum

499 2815 574 2858 esse
597 2792 736 2860 censuit.
761 2793 835 2860 BC.
857 2795 902 2860 B.
947 2790 1077 2858 Nomen
1108 2793 1257 2876 Scodra,
1289 2795 1378 2881 qnod
1408 2816 1507 2880 snprn
1534 2805 1567 2859 et
1596 2795 1680 2859 inire
1709 2795 1853 2884 legitur,
1889 2797 2056 2864 librerium
2081 2799 2114 2864 in

499 2921 642 2962 errorem
666 2895 838 2961 induxisse
861 2905 1011 2983 opperet.
1037 2931 1076 2949 -·
1101 2896 1202 2980 sctis]
1228 2897 1278 2964 Ex
1301 2901 1461 2967 Gronovii
1484 2901 1713 2966 emendatione
1734 2903 1768 2965 in
1792 2903 1915 2970 minore
1937 2904 2025 2970 Livii
2048 2903 2114 2969 edi·

499 3004 590 3070 tinne
612 3005 733 3068 coactis
754 3000 885 3087 seripsi.
905 3033 944 3050 ·-·
961 3003 1110 3082 coenem]
1136 2999 1219 3071 Cod.
1243 3027 1370 3088 cenom,
1395 3004 1483 3093 quod
1502 3003 1670 3068 Belslserus
1695 3007 1861 3091 preetulit.
1882 3044 1921 3057 -
1939 3008 2114 3091 recideret]

499 3107 584 3174 cod.
607 3107 808 3188 reccideret,
835 3104 927 3192 quod
946 3103 1117 3170 Beltlserns
1140 3105 1252 3171 itidem
1281 3106 1413 3195 vulgato
1438 3105 1621 3172 substituit.
1645 3106 1726 3170 vid.
1750 3107 1944 3200 ¹Seleucideri
1968 3110 2112 3175 Grnmm.

498 3210 572 3278 Let.
596 3211 687 3276 Part.
709 3207 738 3273 l.
763 3206 841 3274 vot.
864 3205 909 3272 ll.
933 3230 967 3293 p.
992 3206 1067 3272 586.
1677 3207 1681 3216 '

584 3343 668 3430 Cep.
691 3338 843 3406 xxxlt.
868 3339 1078 3418 Medeonem]
1101 3338 1185 3405 cod.
1211 3352 1403 3422 meteonem,
1427 3343 1517 3430 quod
1540 3341 1593 3406 hie
1616 3353 1652 3406 nt
1674 3364 1774 3429 eupre
1791 3367 1866 3433 esp.
1881 3343 1935 3410 23.
1954 3347 2110 3434 praetuli.

497 3447 572 3516 BC.
597 3449 640 3512 1t.
661 3483 706 3496 -
724 3443 811 3510 hello
834 3443 964 3532 Illyrio]
986 3441 1178 3508 Lectionem
1199 3439 1340 3528 Illyrico
1362 3469 1380 3509 e
1404 3446 1574 3511 Gronovio
1597 3446 1799 3512 eruendetsm
1824 3449 1856 3512 in
1888 3449 2003 3515 codice
2033 3475 2112 3540 quo-

498 3573 563 3639 que
591 3547 752 3638 reperiri,
785 3546 974 3636 llopitnrius
1003 3547 1037 3610 ie
1069 3545 1195 3611 codicis
1225 3544 1401 3614 collatione
1425 3546 1581 3612 enndtere
1612 3549 1813 3635 neglexerat.
1844 3587 1884 3614 ·-.-
1915 3575 1953 3617 ne
1980 3553 2110 3638 liberis]

496 3655 658 3744 Copnlem
681 3677 698 3717 e
721 3651 991 3718 Drelsenborelnio
1014 3648 1197 3715 restitutum
1222 3647 1254 3714 in
1278 3651 1378 3715 nitere
1402 3651 1488 3716 Livii
1512 3651 1656 3716 editione
1679 3675 1792 3717 rursus
1816 3651 1934 3720 delevi.
1978 3655 2112 3722 Nollem

497 3759 630 3824 lectum.
661 3758 794 3824 Etenim
814 3756 926 3836 XLV,
950 3753 1004 3819 43.
1026 3754 1178 3819 similiter
1197 3755 1277 3819 lteec
1298 3752 1472 3840 legunturr
1496 3753 1587 3818 Arete
1609 3776 1746 3818 currum
1767 3755 1860 3820 ducti
1884 3754 2026 3824 Gentius
2047 3781 2112 3824 rex

496 3881 570 3928 oum
593 3861 734 3948 eouiuqe
757 3869 792 3922 et
811 3858 936 3942 liberis,
960 3870 995 3924 et
1024 3859 1248 3926 Carauantius
1274 3857 1387 3945 frater
1414 3859 1521 3948 repis,
1545 3867 1579 3922 et
1605 3856 1733 3949 aliquot
1759 3858 1886 3926 stabiles
1914 3861 2039 3947 Illyrii.
2072 3899 2111 3916 -

495 3961 769 4045 Thessalonicae]
793 3959 877 4026 Cnd.
904 3964 1116 4048 tessalonica,
1141 3961 1241 4028 Frob.
1265 3963 1295 4027 l.
1324 3963 1574 4041 Thessalonica,
1597 3960 1651 4026 eui
1674 3961 1772 4026 Frob.
1797 3961 1829 4025 2.
1850 3961 2018 4049 vulgetum
2036 3963 2112 4029 sub·

496 4068 618 4151 stituit,
641 4077 763 4132 mutate
786 4065 960 4132 verborum
984 4069 1261 4158 interpunctione.
1306 4067 1358 4134 De
1382 4063 1507 4131 codicis
1529 4064 1692 4150 scripturn
1713 4063 1904 4153 iiopitnriue
1928 4065 2112 4151 perlitcres

494 4191 547 4234 me
567 4166 740 4234 eertiorem
763 4169 853 4236 fecit.
877 4206 919 4222 ·-
944 4171 1099 4258 Aeniam]
1123 4172 1206 4238 Cod.
1233 4195 1374 4252 uerrean,
1399 4167 1487 4258 quod
1511 4168 1544 4230 in
1566 4169 1719 4232 Aeneam
1739 4178 1896 4231 mutetusn
1910 4166 1964 4234 lic
1979 4189 2112 4256 qunque

496 4281 655 4358 utsupra
676 4294 748 4358 eep.
771 4271 822 4337 tn.
845 4274 999 4362 preetuli.
1024 4276 1099 4342 ΒΟ.
1124 4280 1167 4343 Β.
1213 4276 1382 4340 Belslserue
1405 4285 1512 4338 temen
1536 4270 1661 4336 codicis
1683 4272 1877 4360 scriptorem
1899 4275 2052 4340 seruerit.
2069 4309 2114 4326 ···

496 4397 572 4442 enm
594 4373 783 4460 Antigono]
803 4375 887 4442 Cod.
910 4381 1206 4468 creontipouensis.
1253 4379 1457 4465 Magnopere
1479 4398 1606 4457 vereor,
1629 4387 1665 4440 ut
1679 4375 1852 4462 Gryneeus
1868 4377 1909 4442 de
1926 4380 2111 4466 Antigono,

495 4500 562 4544 uno
585 4500 626 4542 en
648 4475 839 4566 purpuretis
861 4477 990 4560 Persei,
1011 4482 1070 4568 qni
1092 4505 1191 4569 snpre
1214 4503 1288 4566 cup.
1312 4476 1366 4542 26.
1392 4487 1601 4558 memoretur,
1624 4476 1774 4561 cogitans
1798 4501 1907 4543 rerem
1925 4479 2024 4544 leuius
2046 4478 2113 4545 loei

496 4580 694 4670 seripturem
715 4581 909 4646 restituerit.
955 4581 1084 4666 Quovis
1104 4583 1191 4648 enim
1213 4582 1354 4669 pignore
1375 4579 1583 4662 contendero,
1607 4601 1725 4644 nomen
1744 4583 1914 4671 proprium
1930 4605 2005 4648 eum
2019 4605 2113 4648 voee·

494 4684 575 4783 lsnlo
597 4677 838 4774 Antipone'nsis
858 4684 984 4751 librarii
1015 4686 1111 4774 culpe
1141 4684 1316 4751 eoeluieee.
1362 4687 1430 4751 lem
1459 4707 1556 4767 vero,
1588 4707 1689 4774 quom
1717 4685 1831 4770 XLll,
1862 4685 1916 4750 58.
1946 4684 2047 4752 Meno
2079 4699 2113 4754 et

494 4787 665 4856 Petrocles
689 4787 938 4874 Antigonenses
961 4789 1047 4856 inter
1066 4789 1182 4855 Persei
1205 4791 1305 4857 duees
1325 4800 1632 4874 commemorentur,
1655 4789 1738 4878 quid
1753 4789 1903 4879 impedit,
1920 4811 1986 4878 qno
2003 4790 2112 4856 minue
