4814 5970
1855 696 1928 768 109

309 857 400 919 reete
428 845 541 931 babet,
571 869 680 912 errore
708 844 824 934 lapsus
852 846 943 934 infra
970 869 1033 934 pro
1062 849 1098 910 in
1126 847 1177 910 iro
1207 847 1353 934 scripsit.
1380 883 1420 897 -
1444 847 1590 936 insigne]
1612 848 1696 918 cot.
1729 855 1820 919 etsi
1847 879 1923 951 que.

311 947 407 1034 Quae
430 948 820 1038 qrromode,emcndsnda
835 959 960 1032 essent,
975 947 1148 1038 Grpnaeus
1164 949 1354 1018 acutissime
1369 953 1553 1040 perspexit,
1570 967 1669 1044 atque
1691 955 1789 1022 etiam
1811 948 1930 1048 paullo

310 1060 386 1115 ante
408 1045 554 1132 rectiuit,
576 1050 668 1140 qnod
691 1051 725 1116 in
749 1050 863 1117 codice
884 1052 1021 1141 legitur,
1044 1065 1133 1120 reete
1156 1052 1294 1120 mutavit
1317 1053 1351 1118 in
1373 1058 1529 1122 restituit.
1552 1058 1694 1146 -quia
1725 1071 1829 1126 aetate
1851 1084 1926 1150 pro·

309 1151 434 1238 ximus]
457 1149 541 1218 Cod.
564 1157 644 1247 quie
667 1164 778 1220 eetete
797 1157 970 1242 proximus
993 1159 1033 1222 si.
1079 1157 1145 1224 llic
1168 1179 1302 1248 quoque
1325 1170 1360 1225 ut
1380 1157 1512 1241 XLIII,
1527 1159 1560 1226 7.
1581 1159 1637 1226 ubi
1660 1161 1736 1227 vide
1759 1183 1843 1250 quae
1863 1164 1925 1230 bae

311 1255 352 1320 de
382 1279 417 1320 re
449 1253 604 1338 diximus,
624 1259 655 1322 si
682 1255 791 1322 in'sit
817 1257 953 1340 mutavi,
978 1259 1068 1346 quod
1093 1283 1188 1348 aegre
1211 1259 1427 1327 desideratur.
1448 1262 1524 1329 BC.
1548 1266 1591 1329 Β.
1638 1262 1792 1331 Ceterum
1811 1265 1925 1331 neseio

311 1383 352 1424 an
373 1358 541 1444 librarius,
564 1383 666 1450 quum
689 1372 798 1427 aetate
820 1371 989 1450 sequatur,
1012 1365 1092 1455 quie
1115 1362 1288 1452 scripserit
1311 1385 1370 1452 pro
1390 1367 1461 1450 qui,
1477 1364 1511 1429 id
1534 1375 1585 1430 est
1606 1369 1729 1461 quippe
1750 1369 1821 1461 qui.
1845 1365 1926 1432 Ilitl.¹

310 1463 455 1554 Reisigii
478 1463 624 1530 Gramm.
640 1463 715 1531 Lat.
740 1488 775 1555 p.
791 1461 865 1529 530.
881 1462 995 1554 ibique
1017 1463 1316 1534 bandinento&
1338 1504 1382 1518 -
1405 1465 1497 1552 Quid
1519 1467 1680 1534 adtineret
1695 1469 1760 1536 vim
1782 1467 1926 1564 adferre]

311 1566 499 1636 Gronovius
521 1567 636 1634 maluit
657 1569 740 1662 qnid
762 1570 904 1633 attinere
925 1571 991 1634 uim
1013 1569 1144 1658 offerri,
1171 1595 1231 1660 pro
1254 1594 1320 1661 quo
1343 1572 1427 1666 quid
1448 1575 1607 1637 attineret
1634 1577 1701 1639 vim
1729 1573 1860 1663 offerri,
1891 1575 1925 1640 in

311 1671 657 1762 Boumgarten·Crusii
679 1670 823 1737 editione
845 1671 980 1759 legitur.
1024 1671 1096 1740 Nos
1119 1676 1262 1737 attinere
1284 1671 1508 1762 probavimus,
1530 1673 1649 1762 offerri
1669 1697 1736 1740 non
1764 1674 1855 1742 item.
1879 1680 1924 1744 Β.

309 1815 353 1833 -
373 1804 449 1846 mox
470 1781 510 1844 nd
535 1802 609 1844 cum
630 1775 842 1864 adventurae]
868 1775 952 1844 Cod.
977 1778 1022 1842 ud
1044 1802 1119 1845 eum
1139 1800 1218 1841 mox
1240 1777 1462 1842 educaturae.
1508 1775 1583 1842 Hoc
1605 1777 1778 1842 verborum
1809 1777 1925 1844 ordine

310 1895 441 1950 servato
463 1905 524 1972 pro
545 1882 750 1976 adaucturus
772 1905 813 1948 ex
833 1881 961 1970 Dukeri
983 1881 1210 1949 emendatione
1228 1894 1390 1949 uenturae
1410 1881 1541 1972 scripsi.
1564 1883 1639 1949 BC.
1662 1877 1720 1949 B.
1750 1882 1925 1953 Librarius

311 1987 353 2052 sd
373 1985 522 2052 voculam
544 1987 591 2050 ad
610 1995 731 2052 temere
753 1986 904 2053 recurrit.
935 2023 979 2037 --
1008 1986 1161 2052 omnibus
1192 1983 1323 2052 iuiuriis
1353 1987 1515 2053 obnoxios
1542 1986 1628 2072 lore]
1657 1984 1742 2052 cot.
1774 1985 1926 2055 amitibus

310 2091 444 2156 iniuriis
460 2113 524 2177 pro
547 2088 707 2156 obnoxios
727 2089 816 2180 sore,
840 2089 964 2178 syllaba
985 2115 1048 2179 pro
1071 2092 1105 2157 iu
1133 2099 1279 2158 extremo
1300 2113 1397 2156 versu
1426 2090 1546 2181 posita.
1591 2089 1800 2158 Vocabulum
1827 2095 1925 2159 obno-

309 2197 385 2260 xioa
414 2193 448 2258 in
480 2215 578 2258 eausa
599 2191 675 2276 luit,
705 2217 765 2259 cnr
791 2193 945 2259 librarius
976 2195 1140 2260 omitteret
1170 2195 1312 2284 syllabas
1344 2196 1492 2287 briaquc,
1521 2217 1605 2284 quas
1632 2192 1756 2258 addidi.
1781 2193 1857 2262 ΒΟ.
1879 2196 1922 2261 Β.

310 2299 395 2366 Ant.
426 2295 624 2363 Perizonius
651 2295 766 2363 maluit
794 2301 939 2365 omnium
968 2302 1113 2365 iniuriis.
1165 2295 1243 2364 Non
1270 2321 1403 2388 sequor.
1465 2298 1555 2363 Infra
1586 2320 1661 2387 cap.
1692 2296 1747 2363 20.
1774 2295 1927 2364 slmiliter

312 2399 462 2469 omnibus
486 2399 667 2468 bonoribus
690 2404 948 2486 muneribusque
969 2402 1105 2491 legitur,
1128 2410 1161 2465 et
1182 2399 1296 2482 XLII,
1322 2399 1373 2465 14.
1398 2423 1509 2466 omues
1532 2401 1565 2465 ei
1583 2398 1726 2466 bonores
1747 2397 1865 2464 buln'ti.
1884 2433 1926 2448 -

311 2529 352 2573 uu
382 2504 533 2570 ultimum
560 2504 644 2570 mori
674 2505 862 2590 iussurum]
887 2509 1035 2573 Auctore
1057 2505 1225 2571 Gronosio
1248 2501 1367 2593 scripsi
1387 2503 1435 2568 ed
1452 2502 1616 2585 ultimum,
1640 2501 1674 2566 id
1695 2513 1746 2568 est
1769 2503 1924 2596 denique.

310 2607 386 2674 BC.
409 2609 453 2673 Β.
498 2605 629 2672 Verba:
662 2633 707 2674 un
736 2611 887 2678 exsulem
915 2611 974 2676 itta
1004 2619 1133 2689 estete,
1154 2629 1240 2697 quac
1266 2603 1489 2694 praecedunt,
1512 2613 1549 2668 nt
1576 2603 1732 2671 librarius
1761 2615 1925 2694 pererret,

311 2713 460 2782 effecisse
490 2711 655 2780 videntur.
707 2712 818 2778 Aliter
843 2710 960 2778 Livius
989 2711 1102 2800 paullo
1128 2720 1224 2797 poste
1255 2710 1287 2771 si
1311 2705 1412 2791 fidem
1439 2709 1484 2771 cd
1511 2705 1664 2772 ultimum
1692 2707 1799 2794 [ratri
1826 2731 1925 2796 prue-

308 2819 458 2886 stitisset.

396 2931 480 3020 Cap.
500 2925 582 2998 XX.
605 2927 787 3017 gratulatus
807 2926 992 3011 victorium]
1016 2927 1100 2993 Cod.
1123 2927 1331 3018 protelatum
1353 2929 1530 2994 uictoriam
1552 2937 1614 3011 est,
1630 2928 1753 2997 omisso
1774 2941 1817 3012 et,
1836 2929 1926 3018 quod

311 3034 462 3126 sequitur
482 3046 515 3101 ct
536 3032 632 3099 facile
654 3031 834 3115 intercidit,
850 3043 887 3097 nt
908 3033 993 3101 inira
1017 3057 1089 3121 cap.
1112 3032 1166 3099 24.
1188 3045 1265 3120 post
1285 3031 1385 3099 verbs
1407 3039 1559 3098 nostrum
1581 3045 1640 3098 est.
1687 3031 1790 3100 Ilccte
1811 3033 1925 3124 igitur,

310 3136 376 3204 nisi
399 3135 507 3218 fallor,
525 3132 817 3202 Drakenborclrius
840 3135 1050 3202 scribendum
1072 3156 1145 3202 esse
1168 3135 1328 3202 coniecit:
1350 3133 1543 3225 protelatus
1562 3138 1737 3202 uictoriam
1761 3135 1926 3226 est,'quae

310 3240 426 3308 eodem
455 3237 629 3306 verborum
657 3236 787 3322 urdine,
818 3260 916 3327 quem
945 3236 1121 3305 Liuianum
1152 3235 1305 3324 dixerim,
1334 3239 1430 3305 etiam
1462 3238 1546 3303 inira
1576 3262 1650 3328 cap.
1674 3239 1728 3303 44.
1755 3239 1924 3330 leguntur.

308 3342 514 3432 Deerinpius
540 3353 650 3408 tamen
679 3341 848 3430 uulgatum
871 3366 938 3408 non
961 3341 1044 3410 male
1069 3342 1218 3411 tetendit
1239 3355 1272 3408 et
1294 3341 1485 3431 explicavit.
1509 3379 1548 3394 -
1572 3354 1624 3408 est
1650 3343 1799 3428 auditus]
1822 3341 1924 3428 Vide,

309 3473 353 3516 ne
374 3449 427 3516 bie
450 3445 610 3514 exciderit
630 3449 678 3511 itn
699 3447 740 3510 ad
763 3445 963 3534 praecedens
986 3458 1024 3514 ut
1044 3447 1267 3533 referendum,
1291 3447 1381 3539 quod
1402 3471 1420 3514 a
1441 3445 1612 3513 Gronovio
1635 3448 1821 3514 damnatum
1842 3447 1927 3522 Bels-

308 3555 408 3619 kerus
431 3549 564 3619 delevit.
586 3587 630 3600 -
652 3547 742 3638 qnod
762 3549 967 3636 gratulantes
991 3549 1141 3636 decebat]
1162 3551 1246 3617 cot.
1263 3552 1355 3642 quod
1375 3563 1408 3617 et
1425 3550 1631 3641 protulcutis
1654 3551 1806 3633 decebat,
1821 3549 1923 3615 Frob.

310 3658 344 3724 l.
359 3666 392 3723 et
405 3655 439 3723 2.
461 3655 553 3749 quod
573 3663 608 3720 et
623 3652 847 3740 prumlonteis
871 3653 1020 3723 decebat.
1064 3653 1153 3738 lIoc,
1177 3666 1213 3719 ut
1234 3677 1295 3743 par
1317 3666 1399 3736 erat,
1419 3653 1562 3720 restitui.
1584 3653 1659 3720 BC.
1680 3655 1723 3720 Β.
1770 3653 1841 3738 Qui
1863 3654 1926 3743 pri·

309 3785 384 3834 mus
402 3753 597 3851 particulam
612 3767 646 3824 et
664 3755 823 3838 omiserit,
840 3753 1131 3822 Drabenlsorebins
1154 3779 1221 3821 non
1243 3756 1422 3824 annotarit.
1467 3756 1538 3822 lam
1557 3780 1635 3823 vero
1656 3757 1754 3822 facile
1777 3780 1924 3825 caremus

308 3867 367 3952 iia,
388 3885 473 3954 qnae
494 3859 671 3931 Welcbius
693 3857 881 3926 Emeudstt.
902 3858 977 3926 Liv.
999 3883 1035 3949 p.
1058 3858 1135 3924 228.
1159 3859 1200 3926 de
1222 3859 1284 3926 boc
1303 3859 1378 3926 loco
1400 3860 1567 3948 exposuit.
1588 3897 1630 3912 -
1656 3861 1691 3927 in
1723 3861 1765 3928 iis
1796 3887 1927 3929 servan·

310 3971 404 4054 ὰιιιιι]
428 3965 513 4034 cot.
541 3967 577 4030 iu
604 3966 668 4032 isse
694 3963 911 4066 serumsdmu.
953 3962 1070 4032 Livius
1096 3965 1210 4055 igitur,
1232 3987 1332 4055 quum
1355 3965 1510 4034 librarius
1532 3967 1727 4057 saepissime
1749 3973 1777 4038 is
1800 3993 1861 4060 pro
1883 3971 1925 4036 iis

310 4072 473 4164 posuerit,
496 4072 532 4135 in
555 4070 596 4134 iis
618 4090 690 4136 esse
712 4067 915 4134 seruandum
937 4066 1112 4156 scripsisse
1132 4067 1274 4142 ¹ridetur.
1319 4067 1480 4137 Similiter
1498 4069 1629 4154 XLIV,
1652 4071 1706 4136 26.
1730 4075 1850 4140 satirae
1865 4097 1924 4164 pro

310 4179 393 4246 sotis
412 4177 483 4244 e‘sse
502 4173 537 4239 iu
560 4170 674 4240 codiee
696 4170 831 4259 legitur.
875 4169 994 4260 Neque
1018 4182 1126 4237 tamen
1157 4169 1290 4253 iulitior,
1315 4170 1439 4238 codicis
1467 4172 1662 4261 scripturam
1690 4198 1730 4240 ex
1750 4179 1785 4240 in
1808 4180 1836 4240 is
1856 4203 1925 4245 ser·

310 4281 460 4352 neudum
489 4277 569 4345 eriri
595 4276 759 4367 potuisse.
790 4311 830 4328 -·
857 4287 894 4341 ut
915 4274 1092 4341 amicorum
1115 4273 1279 4342 sociorum
1302 4297 1438 4338 numero
1462 4275 1604 4340 babendi
1634 4277 1715 4360 siut]
1748 4277 1812 4343 Vel
1844 4281 1923 4345 ami·

311 4407 427 4456 eonem
449 4391 483 4448 et
500 4385 679 4464 sociorum,
700 4380 754 4447 vel
776 4382 959 4446 amicorum
979 4382 1210 4471 sociorumque
1232 4373 1454 4442 scribendum.
1499 4374 1574 4441 Iloc
1596 4377 1739 4465 praetuli
1760 4402 1833 4445 cum
1852 4379 1925 4446 Lal-

310 4487 477 4570 lamando,
497 4481 569 4575 qui,
594 4508 696 4573 quum
718 4483 1010 4551 Drakenborebius
1032 4491 1182 4563 testetur,
1205 4482 1311 4545 viram
1338 4478 1469 4546 doctum
1493 4480 1527 4545 in
1556 4479 1703 4568 margine
1732 4483 1784 4545 ed.
1810 4480 1924 4548 Curio·

310 4595 365 4660 nis
387 4593 432 4658 ita
454 4589 633 4679 legendnm
656 4587 853 4671 coniecisse,
874 4587 959 4652 lnnc
979 4582 1238 4651 emendationem
1262 4603 1433 4670 perperam
1451 4581 1619 4648 Gronovio
1636 4581 1764 4648 tribuit.
1788 4585 1862 4650 BG.
1879 4588 1922 4651 Β.

311 4697 465 4764 Alterum
489 4689 674 4780 Doeringio
704 4702 737 4755 et
765 4689 927 4776 Rupertiu
958 4687 1094 4777 placuit.
1146 4684 1227 4750 Vid.
1256 4685 1431 4751 Aueotatt.
1461 4685 1501 4749 ad
1525 4684 1599 4750 Liv.
1623 4683 1794 4770 XXXIII,
1818 4685 1870 4752 38.
1890 4712 1923 4777 p.

311 4797 367 4866 tn.
391 4833 432 4848 -
455 4795 772 4868 condemnarentur]
792 4790 897 4854 Recte
927 4787 1114 4854 Crevierius
1144 4800 1177 4852 ct
1196 4786 1486 4854 Drakenborcbius
1513 4789 1698 4856 maluerunt
1727 4789 1923 4858 condemua-
