4770 5994
506 639 558 712 28

506 823 591 867 rare
613 802 683 864 cias
706 791 802 877 euipe
822 789 932 878 repein
953 809 1061 874 sieque
1084 789 1209 875 crpuit.
1256 785 1333 870 Quo
1359 783 1468 849 minos
1490 784 1634 850 seriimsz
1666 811 1710 852 ne
1732 787 1893 856 liberaret
1911 793 1983 856 eius
2009 793 2128 880 eulpae

509 925 635 989 repens,
657 893 829 983 sequentia
849 890 1039 979 prohibent,
1063 886 1128 950 nisi
1150 887 1234 952 Iorte
1255 886 1437 968 existimes,
1460 898 1535 952 onte
1556 911 1665 982 neque
1688 894 1803 980 nrpnit
1823 891 1920 956 verim
1941 915 2051 982 nepae
2069 896 2127 960 nb·

508 1006 609 1072 saluit
627 996 847 1064 intercidisse.
893 991 973 1055 Vid.
998 987 1187 1052 Frotselrer.
1213 987 1252 1050 13
1284 987 1446 1072 Quinctil.
1476 990 1558 1054 Inst.
1580 989 1673 1055 0111.
1699 991 1746 1072 Χ,
1776 993 1809 1075 1,
1836 994 1907 1059 101.
1937 1008 1970 1060 et
2000 995 2127 1062 Raudii

507 1103 695 1169 TurscIIin.
716 1098 796 1163 vot.
821 1095 882 1160 III.
907 1117 941 1181 p.
968 1091 1041 1156 121.
1062 1101 1161 1176 etque
1181 1088 1225 1153 cI'.
1249 1089 1325 1158 Liv.
1349 1092 1480 1176 XLIII,
1506 1096 1533 1157 I.
1558 1105 1592 1158 et
1619 1092 1652 1157 0.
1676 1093 1804 1174 XLIV,
1832 1097 1865 1160 1.
1895 1095 2007 1178 XLV,
2038 1097 2070 1162 3.
2093 1109 2128 1164 et

506 1203 541 1273 82
567 1205 623 1271 ubi
645 1202 759 1268 itidem
781 1221 844 1262 nec
864 1231 907 1242 --
928 1217 1036 1284 nepae
1058 1191 1235 1278 reperitur,
1259 1202 1293 1256 et
1315 1193 1360 1277 V,
1377 1193 1431 1258 28.
1455 1195 1512 1260 nbi
1527 1196 1643 1261 Livius
1664 1197 1819 1284 scripsit:
1847 1203 1929 1292 puin
1942 1204 2016 1265 siue
2029 1223 2126 1265 marc

505 1311 579 1374 nati
600 1306 816 1372 liberaretur.
864 1294 1174 1372 Weissenbornins,
1198 1315 1263 1356 non
1287 1294 1469 1382 improbate
1490 1299 1631 1365 Ieetiooc
1652 1298 1920 1386 vulgsts,1.ecrt.
1938 1301 2013 1365 Liv,
2033 1301 2124 1366 pm,

508 1409 539 1476 I.
563 1435 597 1499 p.
624 1407 676 1472 15.
700 1407 781 1467 Iinec
802 1399 948 1468 addidite
974 1393 1070 1480 „Sed
1092 1395 1229 1459 fortusse
1250 1393 1347 1460 etism
1371 1397 1517 1464 liberare
1539 1412 1649 1487 potest
1672 1401 1824 1483 debendi,
1846 1425 1919 1466 enm
1950 1387 2084 1490 saepius
2106 1427 2125 1468 1

507 1513 611 1580 verbo
634 1508 727 1573 finito
751 1505 790 1568 13
815 1501 1010 1567 infinitivum
1034 1497 1150 1563 Livius
1174 1509 1329 1579 transeat,
1353 1497 1397 1565 eI.
1421 1499 1485 1583 IV,
1508 1499 1562 1581 37,
1588 1501 1639 1565 10.
1663 1501 1774 1584 XLV,
1798 1503 1853 1586 11,
1875 1502 1908 1567 6.
1928 1503 2046 1588 XXV,
2068 1505 2125 1588 37,

506 1615 576 1680 9.“
620 1611 724 1676 Recte
746 1604 892 1694 quidem.
938 1601 1006 1668 Sed
1029 1601 1108 1662 Irnec
1127 1597 1298 1685 periodus,
1322 1603 1416 1667 euius
1444 1602 1586 1668 membro
1617 1603 1682 1668 sibi
1710 1604 1852 1670 invicem
1880 1606 2155 1672 accuratissime'

506 1713 723 1802 respondent,
743 1731 818 1772 cum
839 1705 906 1769 iIIis
927 1703 1010 1767 Ioeis
1034 1699 1216 1804 comparari
1237 1723 1303 1764 noo
1324 1717 1445 1789 potest.
1463 1717 1550 1769 -ut
1572 1717 1722 1770 sanetum
1740 1707 1875 1772 baberet
1890 1708 2019 1791 Ioedus,
2034 1709 2125 1797 qnod
2185 1756 2189 1767 .

507 1821 538 1885 ei
562 1841 635 1884 cum
658 1810 818 1881 Romanis
847 1829 921 1872 esso
951 1804 1055 1870 videri
1084 1807 1213 1891 posset]
1246 1803 1312 1868 Ine.
1346 1805 1513 1872 Gronorio
1544 1807 1720 1872 obsecutus
1752 1809 1889 1898 scripsit
1912 1822 1951 1876 nt
1972 1823 2125 1878 sanctum

505 1922 632 1990 babere
660 1915 797 2004 foedus,
825 1912 915 2005 quad
947 1912 979 1974 ei
1006 1931 1080 1972 cam
1102 1909 1263 1972 Romanis
1293 1918 1397 1986 esset,
1427 1910 1537 1974 videri
1555 1922 1677 1995 posset.
1700 1911 1776 1975 BC.
1799 1913 1842 1976 B.
1877 1911 1946 1994 Nee
1976 1913 2124 2002 poenitet

507 2023 640 2089 Iecisse.
686 2015 812 2079 Vereor
833 2014 941 2092 enim,
967 2023 1001 2075 ut
1034 2021 1110 2097 post
1131 2009 1281 2075 Cortiunr
1302 2011 1342 2073 nd
1363 2009 1499 2076 SsIIust.
1525 2011 1597 2078 Cet.
1623 2035 1699 2100 esp.
1718 2013 1770 2076 52.
1796 2011 1948 2078 lectionis
1972 2017 2123 2102 vulgatae

507 2119 729 2214 patrocinium
751 2125 839 2182 reete
860 2114 1045 2201 susceperit
1063 2111 1376 2193 Weissenboroius,
1400 2113 1457 2200 qui
1479 2111 1587 2179 Leett.
1610 2112 1685 2176 Lis.
1709 2113 1800 2177 Part.
1826 2113 1854 2176 I.
1875 2137 1908 2200 p.
1934 2113 1984 2178 14.
2009 2111 2123 2197 „Nm

504 2227 639 2310 iulgntu
662 2218 797 2286 defendi
820 2228 942 2304 potest,
969 2217 1090 2303 iuquit,
1114 2239 1154 2280 ex
1177 2215 1234 2280 ilIo
1266 2213 1350 2278 Livii
1380 2238 1459 2296 usu,
1484 2239 1550 2302 quo
1573 2216 1707 2302 saepius
1728 2237 1823 2297 posse
1847 2229 1883 2280 ut
1911 2217 2123 2282 1111100110-

505 2327 623 2391 1111110
646 2321 800 2409 inprimis
820 2319 861 2382 13
883 2320 991 2382 uideri
1012 2317 1098 2382 solet
1120 2317 1253 2397 addere,
1278 2315 1321 2380 cI.
1337 2313 1473 2394 XXIX,
1493 2315 1545 2378 33.
1562 2320 1692 2382 venisse
1706 2318 1971 2402 videripaterat,
1986 2315 2121 2396 XXIV,

505 2427 561 2494 36.
585 2447 719 2490 versam
745 2421 852 2509 [uisse
876 2419 987 2484 videri
1006 2433 1151 2506 poterut,
1176 2419 1251 2504 (nbi
1274 2428 1362 2484 certe
1382 2439 1447 2479 non
1472 2417 1657 2483 necessaris
1680 2429 1730 2481 est
1754 2417 1893 2482 Bekkeri
1917 2419 2122 2505 coniectum)
2164 2493 2170 2505 ι

503 2531 573 2613 III,
596 2529 649 2592 35.
673 2524 787 2590 tutore
810 2524 919 2587 uideri
943 2533 1066 2609 posset,
1090 2519 1277 2600 XXXVII,
1300 2517 1354 2584 60.
1380 2544 1423 2584 ne
1449 2522 1589 2585 otiosam
1602 2523 1814 2608 prouinciam
1836 2522 1992 2589 babuisse
2015 2525 2125 2588 uideri

502 2643 626 2724 posset,
647 2628 816 2712 XXXVI,
834 2627 887 2698 35.
911 2652 1049 2694 caenam
1069 2628 1234 2714 probasse
1251 2629 1363 2692 videri
1374 2637 1521 2709 possent,
1550 2624 1595 2688 ci.
1611 2622 1658 2704 II,
1678 2621 1732 2688 23.
1748 2621 1931 2704 ΧΧΙᾘ.
1952 2623 2122 2709 XXXIV,

504 2735 559 2802 28.
583 2731 753 2812 sexu,
776 2732 810 2806 2.
833 2729 988 2811 XXXII,
1014 2729 1066 2796 11.
1090 2729 1187 2815 [133.
1212 2730 1290 2812 XL,
1313 2729 1366 2794 23.
1390 2727 1575 2808 etXLIV,
1598 2726 1675 2809 38.]
1721 2725 1792 2792 Cic.
1816 2725 1892 2791 Fin.
1918 2727 1966 2809 II,
1989 2726 2043 2792 3⁰.
2065 2725 2120 2793 33.

123 2855 141 2877 ⁴
207 2801 215 2818 ⁸
246 2878 253 2893 ·
368 2885 373 2898 .
502 2835 642 2906 Wnlelr.
667 2828 855 2897 Emendutt.
880 2830 953 2894 Lir.
979 2853 1013 2917 p.
1041 2830 1094 2894 5⁰.
1139 2833 1188 2896 Ita
1212 2843 1246 2896 et
1267 2832 1365 2894 liuius
1386 2827 1453 2892 Ioei
1471 2827 1634 2890 sententie
1657 2847 1732 2890 esse
1753 2838 1881 2913 potest:
1901 2842 2049 2895 sonetum
2068 2831 2122 2896 111·

503 2938 599 3006 beret
619 2933 760 3014 foedus,
790 2932 881 3019 quod
904 2931 969 2996 sihi
991 2955 1065 2998 esse
1088 2955 1162 2998 eum
1185 2933 1366 3014 fluminis,
1396 2941 1533 3017 putore,
1562 2929 1627 2992 sibi
1657 2929 1782 3014 fingere
1812 2943 1947 3018 posset,
1977 2953 2051 2997 nem
2075 2936 2120 3000 itu
2253 2969 2261 2976 κ
2362 2962 2363 2992 i

385 3045 399 3060 “
504 3037 647 3125 agendo,
671 3047 707 3100 nt
728 3033 940 3121 urguebatur,
964 3033 1110 3099 indicere
1133 3035 1318 3116 ridebatur,
1342 3058 1378 3107 se
1398 3030 1565 3098 societatis
1588 3030 1679 3096 iiiios
1702 3054 1776 3095 esse
1798 3031 1980 3097 obiitum.“
2011 3033 2120 3100 Nobis

502 3137 599 3204 aliter
620 3135 770 3217 videtur,
792 3148 881 3200 recte
902 3157 1056 3218 secusne,
1080 3134 1137 3203 elii
1165 3137 1326 3202 indicent.
1357 3175 1397 3186 -·
1428 3137 1500 3201 sine
1530 3135 1716 3223 praesidio]
1748 3134 1832 3199 Cod.
1863 3140 1935 3202 sine
1964 3141 2119 3224 praedio.

504 3241 579 3320 IIoc
601 3239 634 3304 io
654 3238 769 3304 codiee
788 3236 938 3325 reperiri,
960 3237 1151 3324 Iiopitsrius
1175 3240 1255 3322 mibi
1277 3237 1486 3324 significarit.
1534 3238 1572 3302 Iu
1594 3237 1718 3304 codicis
1742 3237 1918 3304 colintione
1938 3241 2119 3328 scripserat

499 3343 686 3430 praesidio,
706 3338 823 3406 vocula
843 3342 916 3408 sine
939 3339 1072 3404 omisso.

589 3520 677 3610 Cep.
704 3519 785 3586 XX.
820 3519 965 3584 insanire
995 3519 1139 3604 aiebant]
1171 3518 1254 3583 Cod.
1284 3521 1521 3604 instruebant,
1548 3527 1633 3588 corr.
1664 3523 1883 3603 instruebant,
1906 3522 2001 3589 litero
2032 3549 2064 3609 e,
2084 3527 2119 3592 id

502 3632 595 3724 quod
618 3629 803 3696 Bckkerum
829 3627 966 3709 fefellit,
991 3637 1113 3713 peneto
1140 3624 1395 3714 superimposito
1426 3627 1588 3692 damnate.
1633 3626 1686 3692 De
1716 3627 1859 3713 Grynnei
1889 3629 2119 3716 emendatione

282 3735 309 3780 ·'
337 3749 352 3762 ’·
396 3789 401 3796 .
502 3755 569 3798 nun
592 3743 656 3812 est,
681 3729 771 3817 quod
795 3723 938 3791 dubites.
962 3762 1003 3774 —
1047 3725 1178 3814 Tegeae
1201 3727 1361 3790 theutrum
1385 3730 1595 3817 magnificum
1618 3752 1811 3810 emarmore
1834 3729 1939 3794 iecere
1959 3727 2119 3814 instituit]

482 3835 674 3928 Ι0111100110
698 3853 739 3894 ex
759 3829 1006 3916 corruptissimo
1029 3828 1154 3894 codicis
1176 3829 1359 3916 scripture:
1385 3831 1535 3918 tliepetea
1558 3830 1769 3920 mnpnificnm
1792 3841 1856 3894 ete.
1875 3829 2051 3893 lectionem
2071 3829 2119 3893 in·

501 3947 628 4022 tegrsm
650 3931 865 4020 sagacissime
895 3933 993 3994 eruit.
1018 3969 1058 3982 -
1103 3933 1219 4019 Cyzici
1239 3933 1272 3997 in
1298 3933 1510 4019 Prytsoenm]
1542 3933 1626 3997 Cod.
1658 3935 1761 4020 cyzici
1778 3941 1992 4018 prytaneum,
2021 3929 2118 3996 omis·

502 4059 539 4099 ss
561 4036 821 4124 prnepositione,
845 4059 942 4123 quem
967 4035 1139 4120 Grynuens
1162 4051 1250 4104 reete
1273 4037 1424 4102 inseruit.
1448 4036 1526 4100 Vid.
1550 4039 1724 4101 Annotntt.
1748 4034 1790 4096 13
1813 4031 1886 4095 Liv.
1911 4031 2117 4118 XXXVIII,

501 4133 556 4200 33.
579 4157 612 4221 p.
636 4133 710 4198 361.
734 4173 774 4184 -
819 4133 1045 4200 Gledietoruur
1068 4139 1201 4222 ruunus]
1226 4137 1322 4221 Quen
1345 4137 1429 4200 111111
1451 4161 1525 4225 esp.
1550 4123 1604 4200 28.
1629 4136 1803 4222 legunturs
1823 4136 1972 4198 Mernera
1988 4135 2118 4223 pladia-

502 4249 612 4303 toram
637 4260 674 4300 eo
695 4260 782 4300 011110
803 4238 933 4332 aliquot
952 4261 1061 4324 parva
1082 4239 1153 4302 alia
1183 4242 1275 4318 duta,
1298 4237 1480 4303 certissime
1503 4239 1656 4327 probunt,
1680 4237 1855 4306 lectionem
1877 4236 2056 4322 vulgatam,
2079 4235 2118 4300 Ii·

500 4354 555 4407 eet
576 4337 745 4418 XXVIII,
767 4337 821 4400 21.
846 4352 879 4403 et
900 4339 1034 4419 XXXI,
1051 4341 1103 4406 50.
1128 4367 1247 4407 murras
1274 4343 1513 4431 pladintorium
1535 4341 1729 4428 reperietur,
1750 4363 1769 4402 r
1789 4337 2057 4403 Drakenborehio
2072 4347 2116 4402 te·

501 4441 1086 4526 1111101031111111010110100111ωὸ
1121 4444 1312 4532 praesertim
1344 4465 1445 4530 quum
1476 4443 1615 4508 Tacitus
1645 4464 1801 4530 quoque,
1830 4439 1865 4504 id
1893 4440 1983 4526 quod
2007 4437 2117 4526 Wop·
2237 4437 2243 4447 '

500 4545 638 4608 tensius
673 4545 705 4608 in
727 4548 818 4609 dett.
849 4544 915 4609 Iitt.
941 4543 1019 4608 Soc.
1043 4543 1323 4610 Rheno-Treiect.
1349 4544 1446 4622 Tum.
1473 4541 1592 4634 IV.‘p.
1617 4544 1691 4610 397.
1717 4543 1850 4626 docuit,
1881 4540 2016 4626 ssepins
2044 4564 2117 4628 spe·

501 4645 671 4712 etuoaitan
695 4647 921 4735 pladiatornrn
943 4645 1103 4733 posuerit.
1132 4683 1172 4697 -
1201 4650 1330 4736 magnis
1359 4649 1535 4738 praemiis]
1575 4651 1657 4719 003.
1689 4653 1819 4741 mapnis
1839 4647 1994 4735 praedis,
2026 4646 2117 4734 qnod
