4770 5994
481 674 531 750 bb

460 835 677 923 ,superuenit
695 831 848 921 plsalaux
868 842 934 896 etc.
954 829 1029 898 BG.
1053 829 1097 899 B·
1149 827 1273 920 Postea
1292 829 1391 912 mibi,
1415 851 1518 920 qouur
1540 853 1602 919 pro
1626 843 1730 916 esset,
1750 830 1840 920 qaod
1862 831 2035 919 Gryuaeus
2057 853 2107 896 re-

483 937 619 1027 posuit,
643 939 675 1002 iu
696 937 810 1002 codiee
834 960 906 1002 esse
929 947 961 1002 et
982 934 1188 1023 reperiatur,
1217 944 1316 1023 atque
1340 936 1372 1000 ei
1389 932 1599 1000 librariorum
1628 935 1833 1024 negligentia
1853 933 2047 1023 saepissime
2070 935 2107 1002 in

484 1057 517 1110 at
539 1041 670 1126 abierit,
695 1039 828 1132 potiusa
851 1079 895 1090 —-
917 1039 1118 1108 debellatum
1141 1059 1231 1119 esse3
1256 1037 1289 1100 ei
1310 1047 1494 1124 opportune
1516 1037 1711 1104 adhortanti
1727 1041 1920 1127 superuenit
1938 1037 2106 1127 pbalaux,

485 1145 698 1212 scribendum
727 1165 822 1226 esse,
851 1141 884 1206 iu
905 1139 1016 1206 Vanu.
1040 1139 1114 1206 crit.
1139 1163 1173 1228 p.
1197 1137 1251 1204 62.
1277 1139 1476 1205 coniectanti
1505 1153 1639 1229 propter
1670 1153 1911 1231 praeposteram
1933 1141 2108 1209 verborum

486 1249 738 1315 collocationem
766 1257 855 1313 recte
888 1245 1078 1313 adversatus
1106 1241 1407 1314 Weissenboruius
1439 1242 1547 1309 Lectt.
1574 1243 1650 1316 biv.
1681 1244 1771 1312 Part.
1801 1245 1831 1310 l.
1862 1268 1897 1334 p.
1920 1245 1972 1312 12.
2002 1257 2107 1313 totum

486 1353 596 1420 locum
620 1353 663 1418 ita
689 1353 864 1441 legendum
887 1352 1035 1419 censuit=
1071 1351 1183 1440 Qacruu
1212 1355 1316 1416 uictor
1338 1349 1489 1439 equestri
1505 1348 1635 1436 proelio
1658 1373 1738 1432 rex,
1766 1373 1874 1438 paruo
1896 1361 2060 1416 momento
2078 1351 2111 1416 si

489 1457 694 1540 urliuvisset,
723 1457 944 1539 debellasset,
967 1467 1155 1548 opportune
1182 1455 1228 1521 ad
1253 1451 1456 1518 laortaudusn
1486 1454 1681 1538 supervenit
1706 1453 1861 1542 phalanx
1889 1465 1953 1520 etc.
2006 1451 2109 1540 Quod

490 1557 644 1647 quidem,
669 1570 705 1624 ut
732 1560 854 1640 fatcor,
889 1561 1037 1626 nondum
1061 1584 1174 1626 omnes
1196 1557 1296 1624 liuius
1325 1553 1393 1620 loci
1414 1551 1622 1620 alillicultates
1644 1579 1718 1621 esse
1737 1556 1910 1650 publstas,
1941 1557 2020 1622 milri
2041 1577 2109 1622 non

490 1666 596 1752 magis
619 1665 788 1752 probatur,
812 1689 909 1754 quam
926 1665 1148 1754 Horisiuqcria
1174 1675 1361 1754 opportune
1383 1661 1429 1724 au
1448 1659 1623 1725 laortameu
1645 1665 1847 1750 superuenit.
1860 1699 1905 1714 --
1922 1661 2107 1750 Leonatus]

489 1764 573 1832 cod.
597 1768 784 1852 leonnatus,
805 1769 896 1856 quod
918 1767 970 1833 bie
993 1791 1125 1856 quoque
1149 1778 1185 1831 ut
1208 1787 1309 1854 surpra
1331 1787 1403 1852 cop.
1427 1761 1479 1827 51.
1505 1763 1658 1851 praetuli.
1681 1765 1756 1831 BC.
1779 1767 1824 1832 B.
1845 1805 1890 1818 ·-
1921 1790 2038 1856 aqmen
2059 1765 2109 1832 iu·

490 1871 660 1960 perlitum]
689 1871 774 1936 Coal.
798 1884 831 1937 et
851 1867 955 1936 Frob.
982 1871 1012 1935 1.
1036 1895 1156 1959 aqmeu
1178 1869 1380 1957 impeditum.
1435 1865 1539 1934 Recte
1569 1867 1784 1936 Perizoniusa
1817 1871 1968 1958 „Scribe
1991 1895 2111 1964 uqmeu

487 1979 650 2066 peditum.
675 1976 794 2044 l'uullo
816 1990 895 2068 post
917 1979 957 2043 de
979 1977 1115 2044 iisdem:
1135 1979 1350 2072 peditumque
1373 1995 1492 2063 uqmen
1514 1973 1628 2039 redire
1649 1976 1685 2040 iu
1708 1985 1822 2041 castro
1835 1976 2108 2044 superfluas.

578 2131 662 2218 Cap.
685 2129 763 2196 LX.
796 2130 885 2219 capti
911 2130 1016 2196 terme
1044 2128 1179 2196 docenti
1206 2126 1357 2218 equites]
1384 2123 1470 2192 eou.
1499 2127 1652 2214 captiae
1677 2125 1784 2218 fernae
1813 2130 1949 2197 ducendi
1970 2133 2109 2226 equites.

492 2233 605 2320 Quum
626 2232 679 2296 laic
702 2255 857 2322 quoque,
883 2243 919 2297 ut
940 2231 1072 2318 Xtht,
1098 2233 1149 2298 12.
1171 2245 1205 2299 et
1227 2229 1321 2312 alibi,
1344 2255 1385 2296 uc
1407 2251 1466 2318 pro
1488 2229 1558 2296 Dc
1578 2229 1623 2294 sit
1645 2229 1809 2318 positum,
1832 2232 1905 2300 sine
1927 2233 1996 2299 ullu
2017 2233 2111 2300 alubi·

491 2337 616 2406 tetioue
643 2335 783 2422 scripsia
819 2337 911 2422 capti
937 2337 1089 2404 sexcenti
1115 2334 1223 2424 ferme
1253 2337 1401 2428 equites,
1428 2333 1552 2399 omisso
1579 2334 1741 2402 vocabolo
1768 2339 1923 2422 duomati,
1950 2336 2040 2428 quod
2070 2359 2111 2405 es

492 2439 768 2530 praecedentibus
788 2437 872 2504 male
893 2439 1071 2527 repetitum
1095 2447 1157 2504 eat.
1174 2438 1219 2503 B.
1258 2435 1312 2502 Cl.
1336 2435 1508 2504 l’lutarcb.
1531 2435 1656 2504 Aemil.
1681 2462 1752 2528 cap.
1775 2439 1808 2506 9.
1832 2440 1892 2507 obi
1913 2441 2002 2508 idern
2021 2440 2112 2530 equi·

493 2555 564 2615 lum
586 2553 756 2632 captorum
778 2565 935 2611 uumerus
954 2540 1408 2632 reperitur.-·-transductis]
1430 2543 1497 2610 llic
1519 2566 1666 2633 quoque,
1685 2555 1723 2611 nt
1744 2569 1843 2636 supra
1866 2571 1941 2634 cap.
1956 2547 2027 2634 22,
2045 2569 2115 2616 uon

492 2660 575 2735 erat,
598 2673 657 2716 cor
678 2649 713 2714 ia
736 2647 862 2714 asinorc
884 2647 972 2716 Livii
993 2648 1139 2716 editione
1161 2651 1325 2718 traductis
1346 2645 1537 2714 scriberem.
1567 2684 1612 2698 -
1638 2649 1840 2735 commonit]
1862 2648 1948 2716 cod.
1972 2673 2114 2718 commn-

491 2757 671 2842 ssiri,'pro
701 2775 768 2842 quo
798 2752 913 2818 nescio
940 2776 982 2817 aa
1013 2755 1216 2820 communire
1243 2752 1288 2819 ait
1312 2751 1552 2840 reponendum.
1580 2787 1625 2800 -·
1655 2752 1772 2842 primi]
1801 2753 1888 2820 cod.
1917 2757 1977 2850 qui
1995 2757 2111 2844 primi.

492 2859 672 2946 Propterea
698 2868 803 2924 totum
831 2856 942 2922 locum
970 2855 1013 2922 ita
1045 2858 1237 2947 suppletum
1267 2855 1380 2922 edidis
1422 2853 1580 2949 Qrsiuque
1605 2859 1774 2944 principes
1802 2859 2024 2943 Aetolorum,
2053 2861 2114 2958 qui¹

491 2965 595 3054 primi
625 2972 721 3052 teaqa
750 2971 917 3028 uertentes
939 2961 1105 3048 conspecti
1126 2960 1346 3039 dicebantur,
1374 2960 1514 3022 ltomaru
1535 2957 1639 3022 missi.
1693 2957 1826 3025 Verbae
1847 2963 1989 3030 Romana
2006 2963 2113 3046 missi,

371 3103 374 3108 ·
493 3063 634 3154 quaein
656 3059 770 3127 codice
785 3065 857 3125 non
878 3059 1017 3152 reperiri
1039 3060 1223 3148 llelrlserus,
1245 3074 1280 3127 ut
1301 3059 1399 3142 solet,
1421 3069 1580 3126 annotare
1594 3060 1752 3148 neglexit,
1774 3061 1881 3130 adieci
1904 3089 1946 3132 ca
1961 3066 2113 3156 Appiae.

492 3169 592 3238 Rom.
618 3165 708 3232 Hist.
728 3163 793 3248 lX,
810 3162 863 3230 1⁰.
886 3159 1053 3230 Αἰτωλῶν
1076 3164 1113 3232 δὲ
1135 3164 1190 3230 καὶ
1213 3159 1334 3256 ἑτέρων
1353 3159 1515 3252 Ἑλλήνων
1534 3162 1778 3258 κατεψεύσατο,
1800 3163 1846 3247 ὡς
1868 3167 2011 3260 πρώτων
2031 3195 2113 3260 τρα-

493 3269 632 3338 lse'ruor·
661 3265 732 3332 uui
760 3260 939 3344 τούτους
967 3260 1179 3352 ἕςῬώμην
1209 3261 1412 3356 ἔπεμψεν.
1824 3264 1826 3270 ’

464 3467 472 3480 ·
580 3419 782 3512 ΰιρ.1.Χ1.
815 3420 902 3491 dona
928 3443 971 3486 ea
1000 3419 1067 3505 bis]
1090 3419 1293 3506 llaec-ingiam
1322 3421 1427 3488 donat
1454 3419 1677 3502 scribendum,
1706 3431 1741 3488 et
1762 3420 1863 3488 verba
1885 3423 1972 3490 dona
1995 3423 2114 3508 dabat,

493 3551 580 3618 qaae
603 3521 962 3616 sequestraremus
984 3519 1237 3590 consuetuod
1259 3519 1378 3610 probo,
1400 3525 1464 3592 boc
1483 3545 1551 3590 uon
1573 3523 1665 3590 item.
1688 3521 1763 3592 110.
1785 3547 1969 3613 —perse
1990 3523 2114 3615 ampla,

494 3629 669 3726 pleraque]
692 3628 776 3698 Coal.
801 3651 865 3716 per
888 3650 926 3692 se
952 3623 1175 3716 ampletaque,
1205 3623 1295 3713 qood
1320 3624 1492 3714 Gryaacus
1513 3639 1603 3694 recte
1631 3627 1667 3693 ia
1696 3626 1781 3694 illud
1802 3639 1947 3696 motasse
1969 3629 2112 3700 rialetnr.

493 3737 667 3808 Beblscrus
689 3745 797 3800 tamen
817 3729 1014 3798 vocabulum
1032 3729 1197 3824 pleraque
1215 3728 1310 3796 aucis
1326 3729 1521 3796 inclusit.-
1535 3740 1611 3796 ante
1632 3753 1689 3796 ora
1712 3733 1786 3814 sna]
1810 3731 1895 3798 cau.
1908 3757 2016 3800 auara
2035 3758 2115 3820 sna,

495 3865 564 3910 uon
593 3859 768 3906 ‹an-..ora
792 3857 875 3917 sua,
906 3844 942 3898 ut
970 3831 1141 3900 Beblseeus
1169 3831 1254 3900 lalao
1276 3833 1438 3922 perbibet.
1482 3831 1568 3900 Nam
1590 3831 1702 3900 literas
1724 3859 1769 3900 au
1793 3834 1827 3902 in
1849 3847 1996 3906 extre-o
2016 3859 2114 3907 versu

494 3943 623 4034 positas
641 3960 730 4019 esse,
754 3933 962 4026 liopitarias,
983 3934 1042 4022 qni
1065 3935 1176 4024 paullo
1194 3947 1273 4025 post
1294 3935 1329 4003 iu
1352 3937 1478 4004 codicis
1508 3936 1685 4004 collatione
1712 3960 1885 4028 perperam
1913 3949 1948 4006 et
1974 3963 2019 4006 ca·
2046 3964 2113 4037 quc

497 4071 536 4116 as
556 4045 729 4114 acciderat
748 4063 848 4137 quesn
866 4039 979 4129 futuri
995 4048 1241 4128 praeponentes
1261 4063 1323 4130 pre
1345 4053 1444 4110 etex
1464 4067 1531 4138 quo
1562 4025 1734 4110 besides-ot
1757 4065 1853 4132 spem
1879 4043 1992 4134 parua·
2016 4071 2114 4136 prae·

494 4158 655 4242 ponentes
685 4145 885 4234 scripserat,
916 4152 1032 4230 postea
1061 4163 1113 4206 me
1143 4140 1268 4210 docuit.
1320 4145 1509 4212 Gronovius
1530 4143 1582 4212 vel
1602 4144 1758 4234 facinora
1778 4169 1855 4230 usa,
1877 4148 1967 4236 quod
1989 4152 2114 4243 recepi,

495 4249 549 4322 sel
572 4249 695 4315 deeora
716 4267 780 4312 sua
801 4242 1010 4312 scribendum
1030 4264 1104 4308 esse
1126 4241 1281 4310 coniecit.
1304 4245 1379 4314 BC.
1419 4247 1527 4330 illud,
1551 4269 1653 4336 quum
1674 4246 1861 4338 proximum
1880 4264 2058 4344 perculsa,
2079 4254 2115 4326 id

496 4349 674 4442 quodiam
698 4347 989 4414 Drakenborchius
1012 4357 1101 4416 recte
1124 4346 1313 4438 suspicatus
1337 4359 1400 4433 cst,
1417 4350 1547 4416 literam
1564 4350 1797 4438 [intercipere
1819 4355 1976 4440 potuerit,
1999 4355 2042 4422 ael
2062 4378 2116 4423 cu·

497 4453 582 4524 dicis
606 4450 803 4539 scripturam
825 4448 964 4538 propius
985 4449 1143 4518 accedere
1162 4449 1307 4536 ridetur,
1328 4450 1391 4518 boc
1413 4451 1536 4520 tuearis
1556 4451 1631 4520 loca
1654 4451 1823 4522 simillimo
1844 4455 1920 4526 Lis.
1942 4457 2044 4543 xxi,
2056 4455 2113 4531 13.

496 4561 555 4630 abi
584 4554 770 4626 lisunibala
796 4556 877 4624 Nan
907 4578 988 4644 eqo,
1010 4550 1138 4643 inquit,
1161 4551 1251 4622 illud
1276 4557 1378 4642 par-ui
1406 4559 1557 4638 aestimo,
1580 4555 1713 4638 milites,
1736 4559 1829 4654 quad
1847 4583 1944 4628 mmo
1966 4571 2115 4632 uestrum

496 4675 558 4748 eat,
582 4663 676 4730 enisu
697 4683 764 4728 nou
787 4657 1000 4726 mucosum
1028 4660 1098 4747 ipse
1125 4681 1226 4747 saepe
1251 4655 1399 4724 militare
1427 4657 1568 4753 aliquod
1594 4657 1757 4726 ediderim
1778 4659 1949 4751 facinusp'
1964 4662 2021 4728 cui
2046 4686 2115 4730 noas

494 4769 584 4836 im
604 4787 679 4856 eqo,
700 4765 834 4832 uirtsatis
856 4771 1027 4852 spectator
1049 4782 1090 4828 ac
1111 4765 1217 4844 testis,
1235 4769 1352 4830 notata
1372 4757 1741 4858 moribundaque
1761 4763 1891 4852 referre
1909 4786 1974 4832 sna
1990 4767 2116 4853 pacat·
