4814 5970
1902 769 1950 843 35

337 947 374 1011 tie
401 954 498 1010 mutae
518 953 602 1024 parte
622 945 675 1006 dee
696 944 855 1006 muniaone
883 961 939 1025 par
959 943 987 1007 la
1007 961 1128 1008 sununs
1156 944 1193 1007 de
1213 963 1261 1008 see
1283 945 1449 1020 rainerum,
1473 947 1567 1008 tendis
1590 965 1646 1026 que
1666 948 1724 1023 tui,
1755 951 1844 1030 epree
1871 950 1953 1014 avoir

336 1049 510 1117 ransommt
530 1057 596 1112 tout
624 1065 659 1110 oe
682 1046 751 1128 qu’ii
779 1065 816 1110 en
845 1047 920 1110 erait
947 1047 1060 1110 amussi
1081 1048 1148 1113 t’ttt
1169 1051 1343 1131 prioident,
1368 1053 1552 1134 iprourerait
1573 1073 1631 1118 une
1660 1053 1764 1118 disotte
1785 1055 1884 1119 totale.
1928 1055 1952 1120 ll
1996 1061 2002 1074 '

334 1153 412 1218 avait
433 1151 543 1232 europi
563 1149 705 1231 Perperna,
727 1167 842 1213 oomnre
865 1169 904 1212 on
925 1149 1002 1212 aiant
1023 1149 1059 1213 de
1081 1151 1153 1228 dire,
1177 1155 1249 1218 dane
1271 1157 1313 1218 tes
1332 1149 1433 1240 pla'ges
1454 1157 1655 1240 seponentes,
1680 1161 1736 1224 aiin
1759 1159 1795 1224 do
1816 1164 1953 1224 metiret

334 1254 420 1321 l'abri
442 1263 507 1317 tout
528 1271 562 1318 ce
584 1255 633 1334 qui
655 1273 688 1318 ee
710 1254 869 1318 trouveroit
890 1271 998 1317 encore
1018 1256 1157 1336 preserve
1177 1254 1212 1318 de
1233 1255 1358 1320 l’insulte
1380 1259 1416 1320 do
1434 1257 1578 1336 l'onnemi
1601 1269 1629 1324 et
1650 1265 1746 1326 mimo
1765 1283 1844 1346 pour
1857 1265 1952 1330 tatta-

335 1377 411 1442 qaer
432 1377 469 1422 au
490 1357 641 1440 diponrou
661 1375 717 1438 par
740 1356 946 1430 circonstanoe,
970 1353 995 1417 si
1017 1355 1173 1420 i'oooasion
1194 1361 1256 1423 s'en
1275 1362 1445 1442 prisentait.
1488 1363 1569 1427 Pauo
1591 1365 1640 1440 lui,
1660 1385 1714 1430 son
1730 1369 1869 1431 intention
1884 1369 1954 1433 tait

336 1465 374 1528 da
394 1462 530 1527 muchan
551 1479 620 1525 aveo
640 1479 697 1522 son
717 1461 816 1524 arme'e
836 1468 940 1533 eontra
960 1461 1002 1522 ies
1023 1459 1145 1525 Iberons
1166 1473 1195 1525 ot
1215 1467 1259 1527 les
1280 1465 1446 1529 Autoloona.
1490 1466 1513 1529 tl
1535 1485 1568 1530 se
1590 1471 1741 1532 souvenait
1762 1470 1873 1535 d'evoir
1893 1473 1951 1535 im·

335 1570 421 1652 plari
441 1588 478 1632 en
499 1569 563 1630 vain
581 1568 646 1630 leur
666 1583 788 1628 secane
810 1573 912 1628 contre
933 1565 960 1628 ln
982 1566 1103 1640 iaanino,
1125 1569 1258 1650 lorsqu'il
1278 1569 1431 1650 assiigeait
1457 1572 1499 1634 les
1527 1571 1607 1634 villos
1636 1573 1673 1636 de
1700 1573 1861 1638 Celtiborio.
1906 1575 1954 1641 On

335 1675 427 1739 eaput
456 1677 568 1746 mnne,
599 1671 683 1752 qu'ils
711 1669 821 1732 avaient
843 1669 952 1748 envoyai
981 1669 1031 1731 des
1054 1668 1194 1748 gaideri
1223 1669 1340 1732 l’artnia
1362 1667 1554 1750 Romaino*).
1598 1667 1765 1750 Cepondant
1785 1672 1805 1733 it
1827 1673 1951 1748 hesitait,

337 1777 382 1842 e’il
404 1776 499 1839 devait
519 1780 640 1854 eotoyar
662 1774 688 1836 la
710 1789 790 1846 mer,
820 1789 897 1852 pour
919 1772 1032 1834 o'earter
1051 1770 1182 1852 Pompeia
1205 1772 1240 1835 de
1261 1761 1445 1836 i’ilercaonio'
1460 1781 1489 1835 et
1511 1772 1548 1834 de
1568 1771 1595 1835 la
1618 1773 1815 1852 Contestania,
1838 1777 1952 1842 natione

336 1899 385 1944 aaa
406 1879 513 1953 attae,
538 1897 577 1940 ou
597 1877 643 1940 s'il
665 1895 698 1940 se
719 1875 882 1938 tournorait
903 1893 968 1938 vers
989 1874 1120 1938 Metellus
1142 1883 1171 1938 et
1191 1874 1219 1937 la
1240 1873 1399 1938 Rusitenio.
1443 1875 1592 1938 Sertorius
1614 1875 1690 1956 agito
1713 1877 1748 1938 de
1770 1896 1818 1940 ces
1830 1878 1953 1959 penaeas

336 1985 479 2048 muchan
499 1985 526 2046 lo
548 1983 616 2062 long
638 1981 673 2044 de
695 1981 809 2054 l’ibtre,
833 1982 849 2041 i
870 1987 983 2042 navers
1005 1980 1056 2043 des
1079 1997 1252 2060 campagnes
1273 1980 1422 2062 poisibles,
1444 1999 1512 2043 sans
1535 1999 1591 2060 que
1612 2000 1668 2043 son
1683 1983 1781 2046 annaio
1801 1981 1954 2063 tranquille

335 2091 454 2152 trouvit
475 2087 561 2161 rien,'
579 2087 628 2165 qni
650 2086 840 2167 s’oppositi
871 2101 925 2146 son
952 2099 1085 2164 passage.
1129 2083 1260 2158 nitentat,
1290 2085 1455 2162 s'avanoant
1475 2103 1541 2146 vers
1563 2085 1605 2148 les
1627 2087 1781 2150 trontiires
1803 2089 1854 2150 des
1874 2089 1951 2152 Bur·

334 2212 434 2268 saons,
457 2193 508 2255 doe
530 2191 700 2254 Casuentins
723 2199 751 2253 et
772 2191 823 2252 des
846 2188 1053 2261 Gennanates,
1076 2199 1230 2270 ravageant
1250 2197 1313 2250 tout
1335 2199 1364 2250 et
1385 2189 1545 2252 do'tmisant
1564 2190 1607 2252 les
1629 2191 1787 2266 moissons,
1816 2192 1836 2253 il
1858 2191 1952 2254 arriva

336 2343 667 2360 *nn—anum

408 2448 432 2508 ⁸)
453 2443 496 2500 Ci.
516 2448 635 2498 Histoire
653 2447 780 2498 Romaine
803 2447 835 2495 de
849 2447 1001 2512 Tite-Line,
1021 2447 1168 2498 traduott'on
1188 2445 1306 2499 nouvelle
1321 2466 1370 2513 par
1388 2448 1496 2496 Dureau
1515 2448 1546 2496 de
1566 2445 1687 2498 Lamalle
1704 2460 1728 2497 et
1743 2466 1792 2512 par
1808 2447 1853 2498 M.
1871 2443 1950 2498 No'e'l.

341 2541 422 2590 Tame
439 2537 505 2588 XV.
541 2539 569 2586 A
588 2539 673 2602 Paria,
696 2537 771 2589 1812.
793 2555 822 2606 p.
844 2533 900 2589 titi.
922 2533 968 2585 ubi
986 2537 1013 2586 ia
1031 2539 1200 2587 annotatione
1218 2534 1334 2587 tubiacta
1353 2533 1483 2586 nerduini
1508 2536 1689 2604 interpretatio
1709 2535 1787 2587 huiut
1805 2533 1859 2586 laoi
1883 2551 1952 2605 pro·

335 2625 419 2680 ianua
435 2624 506 2676 huno
525 2627 552 2674 in
574 2623 682 2675 modurn
702 2626 855 2674 immutata:
884 2623 931 2690 „ll
947 2626 1018 2674 auoit
1036 2623 1130 2691 envoyai
1144 2625 1270 2690 Perperna
1289 2628 1354 2674 dane
1374 2623 1412 2674 lea
1430 2621 1531 2691 plagae·
1545 2623 1784 2693 eupiriauree,afin
1804 2627 1835 2675 de
1852 2625 1953 2677 tonarii

336 2727 394 2768 tout
417 2735 445 2766 ee
468 2715 515 2781 qui
530 2715 645 2764 n’aurait
660 2715 734 2780 point
753 2733 841 2765 meare
858 2713 971 2779 ipronue'
986 2712 1023 2764 lea
1044 2711 1152 2764 inaniter
1172 2713 1204 2762 de
1220 2711 1346 2778 I'ennemi,
1369 2723 1393 2763 et
1412 2714 1488 2762 mune
1502 2729 1570 2776 pour
1590 2709 1615 2760 le
1630 2713 1739 2777 prendre
1757 2729 1792 2760 au
1810 2710 1950 2778 dipourou‚

337 2809 363 2857 ai
380 2804 518 2856 I’oeeaaion
534 2804 610 2854 d'une
627 2805 744 2868 aurpriee
763 2821 791 2853 ae
806 2802 956 2866 pre'rentait.
993 2804 1062 2852 Pour
1080 2799 1128 2867 tui,
1148 2799 1169 2850 il
1187 2801 1284 2852 renotat
1304 2805 1336 2852 de
1356 2801 1471 2852 morabar
1489 2820 1550 2852 auec
1568 2819 1614 2850 aon
1631 2800 1715 2850 armle
1731 2810 1818 2850 contre
1835 2799 1874 2851 lea
1896 2801 1953 2852 Hi·-

336 2893 426 2944 birona
449 2903 475 2941 et
494 2890 532 2943 Iee
555 2889 709 2944 Antnloona.
752 2887 781 2938 Il
804 2908 831 2939 ae
854 2889 987 2939 eouveaait
1012 2889 1112 2938 d'auor'r
1136 2887 1294 2940 inutilement
1318 2888 1430 2953 implori
1453 2877 1510 2941 leur
1533 2907 1637 2940 aeeoura
1657 2899 1742 2940 aontre
1762 2887 1791 2938 lo
1810 2891 1902 2940 diaette
1919 2891 1951 2941 da

339 2981 433 3046 uiuree,
454 2977 520 3046 qu'ii
537 2979 670 3044 e'prouuait
691 2977 813 3044 loroqu’il
830 2977 970 3047 aaeiigeait
993 2976 1030 3028 lea
1048 2977 1124 3030 vitta
1143 2984 1175 3032 tie
1195 2981 1337 3033 Celtibe'rie.
1376 2982 1416 3034 On
1437 2984 1521 3032 aauoit
1538 2985 1623 3048 anime,
1643 2983 1660 3031 d
1677 2983 1732 3032 n'en
1756 2983 1830 3048 point
1852 2985 1951 3050 deuter,

336 3063 416 3132 pu’ile
436 3065 539 3114 avaient
557 3063 651 3132 envoye'
665 3067 711 3114 dea
727 3066 822 3134 guidae
840 3066 856 3113 d
876 3063 979 3115 l’arme'e
997 3041 1142 3118 romairie.“
1178 3066 1258 3140 Quod
1271 3089 1323 3141 quo
1343 3072 1400 3122 iuro
1418 3070 1518 3122 facturn
1534 3074 1576 3136 eit,
1591 3089 1646 3122 non
1663 3070 1790 3140 intelligo.
1824 3074 1950 3124 PraAn-

335 3153 450 3220 taieane5
465 3153 538 3224 quod
556 3153 718 3225 typographi
737 3155 912 3224 negligentiae
930 3153 1100 3208 tribuendum
1121 3157 1236 3224 videtur,
1256 3158 1402 3209 Autaleona
1427 3158 1612 3229 reponendum
1631 3175 1689 3210 eaeo
1707 3170 1825 3230 apparet.
1866 3155 1949 3213 Ceta-

333 3261 393 3294 rnm
412 3242 566 3294 Haeduinua
590 3245 649 3313 ipae
674 3242 708 3294 ab
727 3242 921 3310 limburgensi
945 3241 1084 3310 fragmenti
1101 3243 1210 3294 Liviani
1233 3243 1350 3297 editione
1373 3247 1409 3294 ita
1435 3245 1564 3312 diaconia,
1590 3258 1619 3296 ut
1643 3259 1705 3312 erat,
1730 3249 1796 3312 ipaia
1815 3249 1950 3314 imperauit

334 3349 385 3400 pro
403 3344 457 3381 mat
478 3335 554 3398 ipeia‚
575 3336 719 3402 imperauit,
742 3347 854 3400 quatum
872 3352 922 3404 pao
943 3346 1074 3402 quattuor,
1093 3337 1226 3384 ciuitatum
1244 3350 1294 3402 pro
1316 3333 1468 3398 eivitatium,
1488 3336 1620 3400 inaniaque
1636 3353 1685 3406 pro
1702 3335 1793 3403 iuaaia,
1811 3353 1886 3404 quoe,
1902 3336 1947 3390 Μ.

338 3419 478 3480 Perpenam
498 3435 548 3488 pro
567 3421 610 3468 M.
630 3425 791 3490 Perpernam,
810 3422 929 3474 millibua
946 3441 995 3494 pro
1013 3415 1127 3490 mitibus,
1147 3421 1203 3472 Nee
1220 3424 1276 3488 ipre
1293 3423 1397 3482 quidem
1414 3439 1463 3492 pro
1484 3421 1526 3472 Ne
1544 3424 1600 3489 ipae
1618 3425 1729 3489 quidem,
1744 3427 1882 3491 Perpernam
1899 3443 1948 3496 pro

335 3510 496 3571 Perpernam,
519 3501 684 3570 imploratam
702 3527 752 3577 pro
770 3509 936 3575 imploratam,
957 3511 1102 3576 missaeque
1119 3527 1168 3580 pro
1188 3512 1333 3577 miaeoaque
1350 3513 1404 3576 qui,
1426 3527 1541 3578 quorum
1559 3507 1635 3576 illud,
1653 3510 1747 3562 rocula
1768 3514 1814 3578 qui
1831 3531 1845 3562 a
1863 3524 1948 3584 typo-

336 3593 436 3668 grapho
463 3598 662 3668 praetermitte,
691 3599 719 3647 in
744 3595 786 3651 ed.
813 3599 894 3650 Paria.
921 3596 1029 3664 legitur,
1058 3595 1303 3646 Graecaritanoram
1329 3614 1378 3666 pro
1405 3595 1665 3662 Graccuritanorum,
1690 3595 1762 3665 quod
1787 3595 1949 3666 Harduinna‚

336 3703 419 3756 φιιιιιι
436 3685 464 3734 in
483 3683 527 3738 ed.
543 3684 623 3737 Paria.
644 3702 693 3756 per
709 3685 871 3757 typographi
889 3704 1005 3738 errorem
1029 3687 1058 3738 in
1078 3683 1144 3738 illud
1166 3697 1321 3755 corruptum
1339 3696 1416 3751 eaaet,
1439 3686 1582 3736 certiaairna
1602 3687 1752 3735 coniectura
1771 3696 1903 3756 repertura
1920 3687 1950 3738 in

335 3774 506 3826 annotatione
523 3769 639 3824 aubieata
658 3771 792 3843 probavit,
812 3793 899 3844 neque
916 3787 1005 3826 tamen
1022 3777 1050 3825 in
1067 3773 1148 3824 haina
1165 3773 1218 3824 loci
1235 3776 1451 3843 interpretatione
1469 3785 1575 3826 aeoutua
1593 3785 1641 3839 eat,
1660 3775 1789 3844 tegetibue
1809 3791 1858 3844 pro
1877 3777 1950 3845 aega*-

336 3863 422 3928 tibue,
447 3871 473 3912 at
497 3863 707 3926 comportandum
729 3879 779 3932 pro
803 3866 1005 3929 conpartandum
1028 3859 1163 3914 aoaibarat.
1202 3857 1339 3913 Praeterea
1366 3861 1437 3914 idem
1461 3861 1495 3915 de
1513 3863 1591 3915 huiua
1615 3861 1754 3933 fragmenti
1775 3864 1835 3916 looo
1858 3868 1948 3916 neani-
2036 3889 2039 3900 ι

333 3967 377 4002 rna
390 3949 544 4020 depravato,
557 3965 637 4018 quem
650 3947 777 4000 Brunaiua
793 3950 828 4000 ita
842 3948 942 4002 edidit:
959 3949 1123 4016 praeparatio
1141 3960 1201 3999 ante
1221 3949 1336 3998 omnious
1353 3951 1549 4020 iniungiua'tium
1572 3978 1601 3989 -
1621 3955 1693 4020 udin,
1713 3973 1743 4024 p.
1762 3949 1807 4008 68.
1824 3970 1865 4024 aq.
1884 3953 1949 4006 haao

336 4039 489 4090 annotavit:
508 4035 555 4104 „il
572 4048 611 4087 eat
632 4036 753 4088 e'tonnant
771 4055 820 4106 que
834 4035 1017 4104 Panerotem,
1031 4037 1056 4086 ai
1074 4036 1181 4086 instruit
1201 4035 1350 4102 d’ailleure,
1363 4037 1427 4086 n’ar't
1436 4056 1486 4104 poa
1498 4059 1533 4090 an
1547 4041 1629 4090 moine
1642 4041 1794 4109 aoupeonni,
1804 4038 1871 4108 qu’a'l
1879 4060 1949 4108 pou-

333 4128 388 4179 uait
403 4146 420 4196 y
436 4129 509 4176 avoir
527 4127 571 4192 ici,
590 4127 739 4196 innixoque
756 4127 864 4192 virium,
878 4143 911 4176 on
929 4125 1015 4190 me⁴me,
1033 4124 1111 4191 qn'au
1129 4123 1183 4175 lieu
1201 4127 1233 4176 de
1255 4142 1307 4196 que
1322 4125 1429 4190 virium,
1453 4127 1586 4192 peut-e‘tre
1600 4129 1769 4190 pourrait-on
1787 4128 1836 4180 lire
1851 4127 1951 4180 initan-

314 4219 411 4282 ,tiunn
447 4215 521 4264 Dana
547 4213 572 4265 le
589 4235 633 4266 eae
652 4216 687 4265 du
705 4227 759 4265 mot
776 4211 934 4278 iubentium,
958 4213 1100 4262 Tite-Line
1116 4211 1203 4260 auroit
1222 4209 1301 4262 uoulu
1321 4211 1390 4260 dire:
1409 4213 1482 4277 „Par
1502 4209 1616 4262 I’ardeur
1640 4211 1798 4283 infatigable
1813 4218 1857 4266 dee
1879 4233 1950 4266 eom-

333 4307 474 4370 mandant,
497 4304 544 4370 qui
566 4307 751 4374 pouruoyaient
776 4305 794 4354 d
817 4315 888 4370 tout,
907 4305 937 4354 ni
960 4301 988 4354 ia
1012 4301 1117 4352 matiire
1142 4319 1173 4350 ne
1193 4299 1326 4364 manquait
1343 4299 1360 4346 d
1376 4295 1514 4364 l'artiaan,
1533 4300 1561 4348 ni
1579 4297 1698 4351 l'artiean
1718 4321 1749 4352 ne
1765 4304 1898 4368 manpuait
1917 4321 1952 4352 aaa

332 4387 460 4447 travail.“
495 4392 610 4458 Pariaque
629 4391 747 4444 l'dditeur
759 4394 798 4444 dit
815 4395 881 4443 dana
899 4411 945 4442 aon
962 4389 1047 4458 ipitre
1059 4389 1225 4454 de'da'eatoire‚
1241 4407 1289 4452 que
1309 4384 1334 4436 le
1352 4387 1449 4451 capiate
1467 4405 1483 4434 a
1492 4382 1555 4454 snit
1573 4387 1608 4436 iei
1625 4405 1674 4436 une
1688 4385 1767 4453 faute
1782 4387 1845 4455 plue
1859 4405 1949 4456 grave,

332 4484 418 4534 maine
442 4477 550 4532 auberto
577 4477 683 4531 videtur
706 4481 816 4544 vitium,
840 4477 863 4530 it
880 4481 966 4530 deaait
991 4498 1018 4528 re
1033 4474 1108 4546 faire
1133 4477 1251 4528 d’autnnt
1267 4476 1349 4524 moine
1374 4475 1406 4522 de
1423 4471 1543 4537 scrupula
1561 4475 1593 4524 de
1610 4475 1706 4525 donner
1726 4492 1772 4526 aon
1789 4478 1845 4526 onia
1863 4495 1908 4528 aar
1926 4476 1951 4528 le

333 4566 536 4620 rtaatttaenm
556 4567 589 4617 de
606 4577 646 4617 eet
663 4564 792 4617 endroit.“
829 4567 956 4619 Neutrum
975 4563 1079 4616 admitti
1096 4582 1185 4636 ponae,
1207 4565 1285 4614 etiarn
1306 4577 1385 4614 aeeon
1404 4573 1523 4632 apparet.
1549 4561 1602 4615 sed
1621 4562 1694 4616 aalva
1714 4581 1754 4618 rea
1771 4578 1821 4623 eat.
1842 4565 1949 4638 Quippe

331 4656 383 4708 viri
405 4653 492 4722 docti,
510 4653 545 4705 da
561 4671 675 4724 quonam
692 4655 850 4706 oonieoturia
877 4665 979 4705 noatraa
997 4651 1135 4708 denotata.
1155 4675 1184 4726 p.
1202 4651 1264 4708 tto,
1283 4669 1342 4725 aqq.
1362 4652 1506 4706 contuitu·
1523 4653 1634 4724 iuvabit,
1657 4659 1776 4709 certatim
1794 4657 1950 4727 decuerant,

330 4741 403 4794 huno
427 4743 517 4794 lacurn
540 4742 576 4792 ita
601 4739 791 4792 reatituenduan
816 4757 888 4808 aare,
907 4752 951 4807 ut,
976 4761 1059 4814 φιιιιιι
1077 4742 1264 4814 palimpaaatna
1284 4742 1430 4794 vaticanae
1447 4760 1501 4793 non
1521 4744 1595 4794 inixa
1609 4745 1733 4814 ge’oitiam
1752 4747 1855 4810 ..udin
1874 4744 1949 4802 aad.

331 4833 396 4883 nixo
412 4831 527 4883 eivitinm
545 4830 640 4884 ..adio
658 4824 761 4896 afferat,
778 4829 922 4880 cartiaaiana
944 4827 1128 4881 emendatione
1146 4827 1289 4881 aoribatur:
1309 4831 1471 4896 praeparatio
1492 4841 1550 4881 ante
1569 4831 1685 4882 omnibus
1709 4833 1787 4882 enixo
1807 4832 1949 4884 eivitatium

333 4917 431 4970 erudio.
465 4913 508 4967 Da
526 4917 619 4970 oetaria
637 4913 768 4966 iiaadnini
787 4910 920 4966 erroriim
938 4933 991 4964 aaa
1010 4912 1084 4966 iubet
1101 4913 1178 4986 plura
1197 4913 1320 4968 aoribara.
