4814 5970
1849 733 1922 814 12³

306 891 386 958 deos
412 892 445 958 in
475 893 587 959 codice
619 891 769 979 reperiri,
793 889 983 977 liopitarius
1014 891 1095 956 mihi
1125 890 1337 981 significavit.
1367 931 1408 946 -
1436 897 1593 986 uaducit]
1616 899 1700 968 Cod.
1726 885 1923 994 transcedit,

307 995 454 1082 quadiu
479 993 664 1061 transvehit
686 994 818 1058 martari-
843 991 916 1060 tto.
940 995 983 1060 Β.
1031 993 1371 1084 Utrumqueverbum
1395 999 1557 1069 derebus
1583 1003 1617 1069 in
1647 1001 1813 1097 triumpho
1843 989 1921 1078 latis

307 1096 475 1184 usurpari,
498 1094 578 1160 satis
601 1106 740 1160 cunstat.
786 1095 885 1161 Nunc
908 1107 1028 1175 tamen,
1051 1119 1155 1184 quum
1174 1103 1210 1164 in
1235 1100 1400 1188 Capitolio
1431 1104 1471 1167 ad
1502 1107 1751 1192 praecedentiae
1778 1123 1859 1178 uota
1886 1117 1923 1179 in

309 1199 472 1286 Capitolio
495 1209 677 1286 κηπουροί,
696 1198 913 1284 compositam
929 1209 962 1260 ct
976 1199 1159 1264 monsredit
1179 1223 1219 1265 er
1243 1203 1372 1270 duobus
1388 1205 1559 1276 vocabulis
1583 1210 1758 1278 conflatum
1780 1236 1854 1280 esse
1875 1215 1923 1280 vi·

306 1302 433 1385 dentur,
456 1315 560 1370 tutum
583 1306 692 1370 lucum
717 1304 760 1368 ita
782 1303 993 1368 scribendum
1018 1326 1091 1368 esse
1114 1305 1284 1392 suspicor:
1307 1311 1426 1388 uictor,
1441 1323 1634 1398 perpetrato
1650 1315 1776 1398 eodem,
1799 1318 1834 1382 iu
1858 1317 1922 1384 Ga·

301 1410 454 1498 pitatium
477 1410 687 1496 triumphans
717 1408 762 1472 ad
789 1407 921 1470 eosdem
944 1409 1024 1470 deos
1032 1453 1042 1484 ‚
1067 1408 1188 1501 quihus
1211 1419 1288 1472 uota
1309 1415 1529 1496 rosancupaoit,
1552 1417 1672 1480 merita
1694 1416 1783 1482 dorsa
1804 1419 1922 1506 popuii

303 1513 448 1579 domant
471 1511 699 1590 transuehens,
722 1509 819 1574 redit.
863 1506 918 1570 Cf.
943 1529 1027 1593 quae
1050 1505 1164 1593 XLll,
1188 1509 1241 1574 49.
1266 1512 1441 1600 leguntura
1468 1513 1575 1602 Quem
1602 1519 1689 1582 scire
1715 1521 1920 1612 mortqlium,¹

303 1615 413 1678 utrius
439 1615 569 1695 mentis,
591 1614 701 1677 utrius
722 1611 882 1700 fortunae
904 1609 1073 1674 carassalem
1103 1614 1149 1676 od
1177 1613 1298 1680 bellum
1325 1618 1480 1681 mittant?
1511 1618 1813 1706 triumphantemne
1841 1645 1921 1692 mou

304 1735 379 1780 eum
401 1720 551 1782 exercitu
571 1718 699 1780 uictore
720 1715 931 1780 scandentem
951 1716 986 1776 iu
1004 1713 1204 1800 Capitolium
1224 1719 1270 1782 od
1289 1721 1419 1785 eosdem
1443 1723 1536 1804 deos,
1550 1744 1571 1786 a
1594 1723 1714 1818 quihus
1730 1727 1922 1816 proficisca-

306 1829 380 1898 tur,
409 1823 531 1902 uisuri,
563 1845 608 1884 au
639 1819 787 1885 hostibus
816 1842 889 1883 eam
914 1819 1107 1904 praebituri
1134 1815 1297 1884 laetitiam
1326 1823 1415 1887 siuti
1454 1859 1493 1874 —-
1527 1846 1608 1912 quas
1642 1827 1859 1896 traducendas
1885 1833 1921 1900 iu

304 1925 473 2015 triumpho
496 1927 693 2004 viridicavit]
717 1927 783 1991 Pru
805 1927 1008 2006 vindicavit,
1039 1923 1129 2011 quod
1160 1923 1304 1987 editores
1334 1925 1468 2012 quidam
1492 1925 1525 1991 in
1555 1929 1718 1996 iudicauit
1739 1943 1920 2020 mutarunt,

303 2045 371 2092 nau
393 2041 458 2094 tam
480 2033 604 2096 dicauit
625 2031 677 2096 rel
701 2032 840 2111 locauit,
864 2051 948 2116 quae
971 2027 1129 2094 Turnelm
1150 2038 1182 2092 et
1204 2025 1373 2093 Gronovio
1395 2030 1610 2115 placuerunt,
1635 2056 1733 2120 quam
1755 2037 1924 2108 dedicauit

304 2129 516 2196 scribendum
539 2155 613 2198 esse
639 2132 803 2220 auspicor.
826 2169 869 2182 --
892 2143 1040 2197 mactate.
1073 2131 1147 2196 illas
1179 2129 1313 2219 quidem
1343 2133 1459 2220 epulas
1489 2137 1643 2220 senatus]
1671 2133 1756 2202 coo.
1786 2147 1925 2213 mactati

304 2237 438 2330 quidem
467 2238 547 2302 ittae
570 2237 710 2323 aepulae
735 2247 883 2301 senatus.
935 2234 1061 2302 Locum
1085 2237 1171 2300 lrnrsd
1201 2236 1302 2302 dubie
1332 2236 1543 2324 depravatum
1574 2253 1662 2309 certa
1692 2245 1923 2314 emendatione

305 2337 354 2405 sic
376 2339 524 2404 restituis
548 2339 762 2406 mactabitis?
785 2340 896 2428 Quid?
919 2340 996 2404 illas
1018 2341 1135 2426 epulas
1157 2351 1294 2405 senatus
1316 2352 1379 2404 etc.
1401 2341 1475 2407 BC.
1491 2342 1535 2407 Β.
1559 2377 1601 2392 ·-
1621 2356 1731 2412 utrum
1752 2347 1923 2418 homiuum

305 2441 484 2528 voluptatis
508 2463 636 2522 caussa,
660 2465 699 2507 an
721 2441 857 2507 deorum
880 2443 1136 2530 hominumque]
1161 2443 1287 2508 Horum
1313 2443 1485 2508 verborum
1511 2445 1811 2535 interpunctionem
1835 2449 1922 2518 Doc-

305 2543 434 2630 ringius
463 2557 495 2610 et
519 2543 696 2612 Walchine
731 2545 919 2612 Emendatt.
945 2545 1019 2612 Liv.
1044 2571 1080 2634 p.
1105 2545 1178 2610 115.
1209 2547 1331 2612 rectius
1362 2548 1619 2614 constituerunt.
1643 2551 1718 2617 ΒΟ.
1738 2555 1782 2618 Β.
1812 2591 1856 2606 -
1889 2569 1923 2625 et

305 2646 413 2734 ipsum
437 2649 596 2715 maledice
619 2674 657 2715 aa
680 2651 845 2737 maligne]
876 2649 961 2714 cod.
992 2663 1024 2715 et
1049 2651 1147 2737 ipsud
1173 2651 1357 2715 maledicae
1378 2650 1603 2740 carnalique,
1625 2651 1800 2740 idemque,
1823 2660 1923 2728 mule·

305 2753 457 2818 dioneia
480 2754 641 2820 maledice
663 2764 801 2834 mutatu,
825 2754 858 2816 iu
881 2753 983 2817 Frob.
1009 2754 1039 2815 1.
1065 2763 1098 2816 et
1120 2751 1153 2814 2.
1178 2752 1309 2838 tegitur.
1355 2751 1543 2818 Gronovius
1551 2799 1563 2834 ,
1585 2775 1686 2840 quum
1709 2754 1922 2829 vascosanus

304 2861 411 2946 ipsum
433 2856 605 2939 edidisset,
628 2857 743 2922 maluit
765 2867 798 2922 et
818 2860 923 2944 ipsum
944 2855 990 2937 id,
1016 2855 1069 2919 cui
1092 2865 1127 2922 ct
1147 2858 1183 2921 id
1202 2860 1321 2946 ipsum,
1338 2857 1427 2945 quod
1450 2857 1483 2921 iu
1508 2857 1562 2924 ed.
1579 2855 1659 2923 ΑΜ.
1677 2859 1815 2948 reperiri
1836 2864 1924 2934 idern

305 2961 491 3034 Gronovius
516 2971 654 3026 testatus
677 2971 740 3042 eat,
764 2958 1031 3024 substituendum
1056 2959 1180 3045 putari.
1198 2959 1273 3025 Bc.
1291 2961 1333 3026 B·
1379 2958 1463 3024 Nam
1486 2959 1567 3026 alibi
1589 2981 1722 3050 quoque
1746 2967 1847 3052 ipsud
1863 2992 1923 3056 pra

305 3081 415 3165 ipsum
436 3094 454 3134 a
475 3065 619 3134 librariis
641 3062 787 3152 punitur.
839 3061 897 3126 Sic
927 3060 1011 3125 intra
1035 3083 1108 3146 cap.
1136 3058 1188 3129 tu.
1217 3070 1250 3126 et
1276 3063 1313 3124 in
1342 3061 1378 3125 id
1406 3062 1497 3146 ipsut
1524 3083 1587 3150 pro
1618 3073 1657 3128 et*
1679 3065 1714 3130 id
1740 3068 1866 3152 ipsum,
1890 3081 1925 3137 et

304 3173 434 3254 xulv,
462 3171 512 3233 tu.
536 3169 573 3233 id
592 3168 692 3254 ipsud
712 3167 803 3256 qaod
824 3167 945 3230 accidit
966 3187 1026 3254 pro
1049 3164 1085 3229 id
1105 3167 1214 3250 ipsum
1233 3162 1326 3252 qaod
1346 3163 1467 3227 accidit
1489 3161 1524 3226 iu
1548 3160 1663 3228 codice
1682 3167 1856 3254 reperitur.

390 3327 472 3412 Cap.
497 3319 574 3388 XL.
598 3317 721 3384 bellare
744 3341 819 3382 cum
841 3316 1001 3382 Romanis
1024 3316 1149 3403 caepit]
1175 3313 1257 3378 coo.
1283 3313 1370 3381 helia
1390 3327 1471 3404 rep?
1491 3317 1640 3382 romanis
1661 3319 1759 3408 cepit,
1783 3319 1828 3388 ita
1850 3325 1924 3412 qui·

306 3435 394 3514 dem,
419 3441 454 3493 ut
471 3418 667 3490 vocabulum
690 3427 770 3508 req'i
794 3421 827 3485 in
851 3435 996 3486 extrema
1019 3442 1116 3488 versu
1137 3421 1278 3508 legatur.
1312 3417 1431 3506 Neque
1455 3431 1562 3484 tamen
1587 3433 1650 3506 est,
1673 3424 1764 3512 quud
1784 3425 1825 3492 da
1843 3427 1923 3518 Gry·

304 3538 378 3606 naci
398 3527 627 3600 emendatione
650 3524 794 3590 dubites.
817 3561 854 3573 —·
882 3525 1027 3606 centeni]
1052 3521 1134 3588 coo.
1160 3534 1283 3606 autem,
1306 3521 1396 3610 quud
1419 3545 1459 3586 er
1483 3546 1529 3586 α·
1552 3529 1695 3609 centeni,
1727 3528 1763 3595 id
1790 3543 1842 3598 cst
1868 3534 1924 3600 de·

305 3645 397 3712 narii
417 3637 559 3716 canterii,
583 3644 690 3697 ortum
712 3650 786 3694 esse
808 3625 951 3690 videtur.
996 3623 1080 3690 Nam
1100 3626 1213 3690 literas
1234 3649 1260 3688 x
1282 3635 1314 3690 ct
1335 3649 1356 3690 u
1380 3625 1564 3692 sexcenties
1586 3650 1605 3690 a
1627 3626 1771 3694 librariis
1794 3654 1925 3719 permu-

305 3741 634 3822 tatasessecunstat.
659 3727 738 3793 vit.
763 3749 847 3815 quae
870 3726 910 3790 ad
933 3724 1065 3806 XLlll,
1091 3724 1141 3790 12.
1174 3726 1340 3792 annotavi.
1392 3726 1482 3793 luira
1512 3751 1645 3816 quoquc
1676 3754 1749 3822 cap.
1779 3733 1834 3801 42.
1863 3760 1927 3826 pro

306 3847 463 3918 denarios
484 3849 702 3928 septuagenos
723 3834 843 3921 quinos
866 3830 899 3894 in
922 3827 1036 3894 codice
1060 3852 1106 3892 α·
1131 3841 1353 3919 septuaqcuos
1384 3835 1532 3926 quinque
1558 3832 1693 3924 legitur.
1745 3836 1926 3926 Propterea

304 3975 371 4018 non
387 3945 518 4016 centeni
537 3939 682 4020 denarii,
705 3933 763 3998 scd
788 3934 921 3998 denarii
943 3935 1074 3998 centeni
1095 3930 1305 3998 scribendum
1324 3953 1398 3996 esse
1415 3933 1612 4032 existimari,
1626 3937 1702 4006 BG.
1719 3940 1765 4005 Β.
1810 3943 1926 4030 Atque

306 4055 341 4121 it
362 4052 472 4140 ipsum
493 4047 591 4112 etiam
615 4038 796 4124 Gronovio,
820 4037 879 4124 qui
903 4036 1097 4104 vocabulum
1122 4041 1255 4106 denarii
1278 4037 1395 4106 deesse
1426 4043 1613 4128 annotavit,
1643 4045 1808 4132 placuisse
1837 4049 1926 4118 ride·

305 4169 370 4221 tar.
395 4188 437 4202 --
460 4141 627 4236 nunciata]
653 4143 739 4210 Huic
762 4165 801 4206 er
816 4141 938 4206 Mureti
954 4153 987 4208 ct
1003 4141 1162 4212 Gronovii
1178 4147 1341 4211 sententia
1354 4151 1574 4233 pronuntiata
1589 4149 1758 4217 substitui.
1782 4153 1858 4224 BC.
1879 4157 1923 4222 Β.

305 4259 373 4325 Pro
392 4253 646 4332 acclamassent,
669 4246 759 4336 quod
784 4245 948 4332 seqnitur,
972 4245 1005 4310 in
1028 4245 1143 4315 codice
1166 4251 1272 4316 classe
1296 4250 1470 4338 reperitur,
1494 4250 1584 4338 quod
1614 4251 1786 4340 Grynacns
1812 4256 1925 4324 certis·

305 4361 388 4428 sima
410 4355 598 4422 coniectura
622 4352 740 4416 ductus
762 4348 796 4412 in
818 4348 902 4413 illud
924 4347 1074 4416 mutavit.
1119 4351 1189 4435 Qui
1212 4353 1334 4418 iactum
1357 4350 1413 4436 sit,
1437 4363 1473 4418 ut
1495 4353 1631 4430 verbum
1652 4355 1738 4422 illud
1760 4357 1794 4425 iu
1818 4359 1922 4428 conti·

306 4488 372 4532 uua
393 4459 574 4549 scriptione
596 4453 875 4544 corrumperetur,
896 4477 993 4520 nemu
1013 4478 1079 4522 non
1101 4455 1204 4522 videt.

390 4632 474 4721 (inp.
505 4627 599 4694 ΧΗ.
630 4624 838 4714 Quamquam
870 4639 903 4692 ct
929 4648 1027 4715 quam
1059 4627 1200 4696 feliciter
1228 4623 1466 4710 rempublicam
1496 4626 1807 4714 administraverim]
1838 4630 1923 4698 Coti.

307 4755 511 4831 quamquam
533 4734 572 4798 oh
595 4753 697 4824 quam
719 4727 745 4793 l.
766 4730 869 4816 paulo
892 4734 984 4796 ratio
1002 4733 1049 4799 od
1068 4755 1124 4817 pr.
1146 4726 1310 4818 felicitate
1331 4749 1437 4814 remp.
1461 4727 1759 4796 administraverit.
1804 4715 1923 4814 Vides,

308 4835 444 4902 lammae
467 4833 510 4898 Ι..
534 4830 640 4897 Pauli
660 4829 768 4897 oratio
790 4828 837 4897 ad
857 4830 1019 4916 populum
1039 4835 1240 4911 Romanum,
1264 4850 1306 4894 ex
1327 4829 1477 4918 margine
1498 4829 1532 4896 iu
1555 4828 1714 4897 orationis
1736 4841 1928 4898 contextum

1655 4917 1716 5000 to‘
