<?xml version="1.0" encoding="UTF-8"?>
<!DOCTYPE html PUBLIC "-//W3C//DTD XHTML 1.0 Transitional//EN"
    "http://www.w3.org/TR/xhtml1/DTD/xhtml1-transitional.dtd">
<html xmlns="http://www.w3.org/1999/xhtml" xml:lang="en" lang="en">
 <head>
  <title>
</title>
<meta http-equiv="Content-Type" content="text/html;charset=utf-8" />
  <meta name='ocr-system' content='tesseract 3.04.00' />
  <meta name='ocr-capabilities' content='ocr_page ocr_carea ocr_par ocr_line ocrx_word'/>
</head>
<body>
  <div class='ocr_page' id='page_1' title='image "./annotationesadt00kreygoog_0158.png"; bbox 0 0 4814 5970; ppageno 0'>
   <div class='ocr_carea' id='block_1_1' title="bbox 1892 691 1943 768">
    <p class='ocr_par' dir='ltr' id='par_1_1' title="bbox 1892 691 1943 768">
     <span class='ocr_line' id='line_1_1' title="bbox 1892 691 1943 768; baseline 0 0"><span class='ocrx_word' id='word_1_1' title='bbox 1892 691 1943 768; x_wconf 75' lang='lat'><strong>25</strong></span> 
     </span>
    </p>
   </div>
   <div class='ocr_carea' id='block_1_2' title="bbox 300 862 1944 2732">
    <p class='ocr_par' dir='ltr' id='par_1_2' title="bbox 300 862 1944 2732">
     <span class='ocr_line' id='line_1_2' title="bbox 324 862 1944 962; baseline -0.001 -20"><span class='ocrx_word' id='word_1_2' title='bbox 324 877 406 962; x_wconf 78' lang='lat' dir='ltr'><strong>puis,</strong></span> <span class='ocrx_word' id='word_1_3' title='bbox 430 897 558 960; x_wconf 80' lang='lat' dir='ltr'><strong>quaeso,</strong></span> <span class='ocrx_word' id='word_1_4' title='bbox 580 875 637 941; x_wconf 84' lang='lat' dir='ltr'><strong>sibi</strong></span> <span class='ocrx_word' id='word_1_5' title='bbox 656 877 840 958; x_wconf 84' lang='lat' dir='ltr'><strong>persuadeat,</strong></span> <span class='ocrx_word' id='word_1_6' title='bbox 862 875 1008 942; x_wconf 75' lang='lat' dir='ltr'><strong>diemllum</strong></span> <span class='ocrx_word' id='word_1_7' title='bbox 1030 872 1181 936; x_wconf 75' lang='lat' dir='ltr'><strong>cumulem</strong></span> <span class='ocrx_word' id='word_1_8' title='bbox 1202 862 1305 936; x_wconf 81' lang='lat' dir='ltr'><strong>Cretae</strong></span> <span class='ocrx_word' id='word_1_9' title='bbox 1325 871 1501 956; x_wconf 76' lang='lat' dir='ltr'><strong>provinciae,</strong></span> <span class='ocrx_word' id='word_1_10' title='bbox 1525 891 1613 954; x_wconf 72' lang='grc'><strong>(1111111</strong></span> <span class='ocrx_word' id='word_1_11' title='bbox 1633 891 1695 940; x_wconf 89' lang='lat' dir='ltr'><strong>noo</strong></span> <span class='ocrx_word' id='word_1_12' title='bbox 1714 891 1772 956; x_wconf 90' lang='lat' dir='ltr'><strong>pro</strong></span> <span class='ocrx_word' id='word_1_13' title='bbox 1791 883 1944 959; x_wconf 86' lang='lat' dir='ltr'><strong>praetore,</strong></span> 
     </span>
     <span class='ocr_line' id='line_1_3' title="bbox 324 976 1942 1070; baseline -0.001 -22"><span class='ocrx_word' id='word_1_14' title='bbox 324 985 375 1048; x_wconf 90' lang='lat' dir='ltr'><strong>sed</strong></span> <span class='ocrx_word' id='word_1_15' title='bbox 397 1004 454 1067; x_wconf 88' lang='lat' dir='ltr'><strong>pro</strong></span> <span class='ocrx_word' id='word_1_16' title='bbox 484 981 604 1046; x_wconf 87' lang='lat' dir='ltr'><strong>consule</strong></span> <span class='ocrx_word' id='word_1_17' title='bbox 630 981 770 1070; x_wconf 80' lang='lat' dir='ltr'><strong>obtinrlit,</strong></span> <span class='ocrx_word' id='word_1_18' title='bbox 798 984 936 1066; x_wconf 89' lang='lat' dir='ltr'><strong>cupidum</strong></span> <span class='ocrx_word' id='word_1_19' title='bbox 966 1005 983 1048; x_wconf 91' lang='lat' dir='ltr'><strong>a</strong></span> <span class='ocrx_word' id='word_1_20' title='bbox 1010 982 1093 1048; x_wconf 80' lang='lat' dir='ltr'><strong>Livio</strong></span> <span class='ocrx_word' id='word_1_21' title='bbox 1125 976 1321 1044; x_wconf 81' lang='lat' dir='ltr'><strong>candidatum</strong></span> <span class='ocrx_word' id='word_1_22' title='bbox 1338 978 1530 1056; x_wconf 77' lang='lat' dir='ltr'><strong>praetoriano</strong></span> <span class='ocrx_word' id='word_1_23' title='bbox 1552 993 1617 1038; x_wconf 87' lang='lat' dir='ltr'><strong>esse</strong></span> <span class='ocrx_word' id='word_1_24' title='bbox 1640 977 1832 1058; x_wconf 71' lang='lat' dir='ltr'><strong>appobatum,</strong></span> <span class='ocrx_word' id='word_1_25' title='bbox 1852 999 1942 1062; x_wconf 87' lang='lat' dir='ltr'><strong>prac-</strong></span> 
     </span>
     <span class='ocr_line' id='line_1_4' title="bbox 323 1076 1943 1168; baseline -0.005 -13"><span class='ocrx_word' id='word_1_26' title='bbox 323 1091 424 1154; x_wconf 83' lang='lat' dir='ltr'><strong>sertim</strong></span> <span class='ocrx_word' id='word_1_27' title='bbox 447 1105 540 1168; x_wconf 89' lang='lat' dir='ltr'><strong>quum</strong></span> <span class='ocrx_word' id='word_1_28' title='bbox 562 1105 648 1150; x_wconf 90' lang='lat' dir='ltr'><strong>nomo</strong></span> <span class='ocrx_word' id='word_1_29' title='bbox 670 1087 756 1150; x_wconf 88' lang='lat' dir='ltr'><strong>lacile</strong></span> <span class='ocrx_word' id='word_1_30' title='bbox 778 1086 978 1150; x_wconf 87' lang='lat' dir='ltr'><strong>institutorum</strong></span> <span class='ocrx_word' id='word_1_31' title='bbox 1000 1087 1202 1148; x_wconf 85' lang='lat' dir='ltr'><strong>Romanorum</strong></span> <span class='ocrx_word' id='word_1_32' title='bbox 1223 1087 1282 1140; x_wconf 89' lang='lat' dir='ltr'><strong>tam</strong></span> <span class='ocrx_word' id='word_1_33' title='bbox 1305 1076 1424 1156; x_wconf 79' lang='lat' dir='ltr'><strong>ignarus</strong></span> <span class='ocrx_word' id='word_1_34' title='bbox 1445 1076 1499 1154; x_wconf 93' lang='lat' dir='ltr'><strong>sit,</strong></span> <span class='ocrx_word' id='word_1_35' title='bbox 1528 1084 1561 1139; x_wconf 90' lang='lat' dir='ltr'><strong>ut</strong></span> <span class='ocrx_word' id='word_1_36' title='bbox 1582 1078 1717 1142; x_wconf 88' lang='lat' dir='ltr'><strong>consules</strong></span> <span class='ocrx_word' id='word_1_37' title='bbox 1738 1087 1768 1142; x_wconf 87' lang='lat' dir='ltr'><strong>et</strong></span> <span class='ocrx_word' id='word_1_38' title='bbox 1787 1091 1943 1161; x_wconf 87' lang='lat' dir='ltr'><strong>praetores</strong></span> 
     </span>
     <span class='ocr_line' id='line_1_5' title="bbox 300 1178 1941 1284; baseline -0.004 -28"><span class='ocrx_word' id='word_1_39' title='bbox 300 1189 487 1284; x_wconf 37' lang='lat' dir='ltr'><strong>,provincias</strong></span> <span class='ocrx_word' id='word_1_40' title='bbox 510 1198 647 1253; x_wconf 90' lang='lat' dir='ltr'><strong>asenatu</strong></span> <span class='ocrx_word' id='word_1_41' title='bbox 668 1190 704 1252; x_wconf 90' lang='lat' dir='ltr'><strong>iis</strong></span> <span class='ocrx_word' id='word_1_42' title='bbox 726 1191 921 1254; x_wconf 89' lang='lat' dir='ltr'><strong>decemeudas</strong></span> <span class='ocrx_word' id='word_1_43' title='bbox 942 1209 1003 1252; x_wconf 91' lang='lat' dir='ltr'><strong>non</strong></span> <span class='ocrx_word' id='word_1_44' title='bbox 1025 1187 1246 1252; x_wconf 81' lang='lat' dir='ltr'><strong>carrdidatorum</strong></span> <span class='ocrx_word' id='word_1_45' title='bbox 1266 1197 1349 1242; x_wconf 87' lang='lat' dir='ltr'><strong>more</strong></span> <span class='ocrx_word' id='word_1_46' title='bbox 1370 1178 1498 1260; x_wconf 91' lang='lat' dir='ltr'><strong>petiisse,</strong></span> <span class='ocrx_word' id='word_1_47' title='bbox 1526 1179 1578 1242; x_wconf 89' lang='lat' dir='ltr'><strong>sed</strong></span> <span class='ocrx_word' id='word_1_48' title='bbox 1600 1179 1730 1244; x_wconf 90' lang='lat' dir='ltr'><strong>decretas</strong></span> <span class='ocrx_word' id='word_1_49' title='bbox 1752 1190 1802 1245; x_wconf 90' lang='lat' dir='ltr'><strong>aut</strong></span> <span class='ocrx_word' id='word_1_50' title='bbox 1818 1185 1941 1249; x_wconf 87' lang='lat' dir='ltr'><strong>sortitos</strong></span> 
     </span>
     <span class='ocr_line' id='line_1_6' title="bbox 321 1282 1942 1374; baseline -0.004 -14"><span class='ocrx_word' id='word_1_51' title='bbox 321 1315 396 1370; x_wconf 88' lang='lat' dir='ltr'><strong>esse,</strong></span> <span class='ocrx_word' id='word_1_52' title='bbox 419 1302 469 1358; x_wconf 87' lang='lat' dir='ltr'><strong>ant</strong></span> <span class='ocrx_word' id='word_1_53' title='bbox 488 1293 563 1356; x_wconf 89' lang='lat' dir='ltr'><strong>iuter</strong></span> <span class='ocrx_word' id='word_1_54' title='bbox 586 1314 619 1356; x_wconf 91' lang='lat' dir='ltr'><strong>se</strong></span> <span class='ocrx_word' id='word_1_55' title='bbox 640 1311 829 1374; x_wconf 77' lang='lat' dir='ltr'><strong>comparasse</strong></span> <span class='ocrx_word' id='word_1_56' title='bbox 850 1291 982 1356; x_wconf 77' lang='lat' dir='ltr'><strong>nesciat?</strong></span> <span class='ocrx_word' id='word_1_57' title='bbox 1025 1292 1112 1372; x_wconf 78' lang='lat' dir='ltr'><strong>lego,</strong></span> <span class='ocrx_word' id='word_1_58' title='bbox 1136 1288 1161 1352; x_wconf 95' lang='lat' dir='ltr'><strong>si</strong></span> <span class='ocrx_word' id='word_1_59' title='bbox 1185 1285 1274 1360; x_wconf 85' lang='lat' dir='ltr'><strong>lubet,</strong></span> <span class='ocrx_word' id='word_1_60' title='bbox 1296 1302 1370 1364; x_wconf 88' lang='lat' dir='ltr'><strong>quae</strong></span> <span class='ocrx_word' id='word_1_61' title='bbox 1391 1283 1454 1350; x_wconf 80' lang='lat' dir='ltr'><strong>Lis.</strong></span> <span class='ocrx_word' id='word_1_62' title='bbox 1473 1284 1613 1364; x_wconf 84' lang='lat' dir='ltr'>XXXVII,</span> <span class='ocrx_word' id='word_1_63' title='bbox 1631 1282 1660 1350; x_wconf 87' lang='lat'><strong>1.</strong></span> <span class='ocrx_word' id='word_1_64' title='bbox 1677 1288 1712 1350; x_wconf 90' lang='lat' dir='ltr'><strong>de</strong></span> <span class='ocrx_word' id='word_1_65' title='bbox 1734 1307 1768 1352; x_wconf 90' lang='lat' dir='ltr'><strong>re</strong></span> <span class='ocrx_word' id='word_1_66' title='bbox 1788 1290 1942 1360; x_wconf 79' lang='lat' dir='ltr'><strong>nodasima</strong></span> 
     </span>
     <span class='ocr_line' id='line_1_7' title="bbox 320 1387 1940 1476; baseline -0.002 -14"><span class='ocrx_word' id='word_1_67' title='bbox 320 1406 492 1473; x_wconf 89' lang='lat' dir='ltr'><strong>narrantur,</strong></span> <span class='ocrx_word' id='word_1_68' title='bbox 515 1417 569 1462; x_wconf 90' lang='lat' dir='ltr'><strong>nec</strong></span> <span class='ocrx_word' id='word_1_69' title='bbox 589 1396 746 1460; x_wconf 74' lang='lat' dir='ltr'><strong>dubitabis.</strong></span> <span class='ocrx_word' id='word_1_70' title='bbox 791 1395 944 1460; x_wconf 89' lang='lat' dir='ltr'><strong>Videamus</strong></span> <span class='ocrx_word' id='word_1_71' title='bbox 973 1394 1079 1476; x_wconf 79' lang='lat' dir='ltr'><strong>igitur,</strong></span> <span class='ocrx_word' id='word_1_72' title='bbox 1109 1410 1152 1454; x_wconf 62' lang='lat' dir='ltr'><strong>an*</strong></span> <span class='ocrx_word' id='word_1_73' title='bbox 1172 1391 1256 1454; x_wconf 84' lang='lat' dir='ltr'><strong>adam</strong></span> <span class='ocrx_word' id='word_1_74' title='bbox 1278 1388 1355 1451; x_wconf 84' lang='lat' dir='ltr'><strong>viam</strong></span> <span class='ocrx_word' id='word_1_75' title='bbox 1382 1387 1506 1468; x_wconf 84' lang='lat' dir='ltr'><strong>ingressi</strong></span> <span class='ocrx_word' id='word_1_76' title='bbox 1528 1389 1606 1462; x_wconf 80' lang='lat' dir='ltr'><strong>hunc</strong></span> <span class='ocrx_word' id='word_1_77' title='bbox 1633 1389 1733 1456; x_wconf 89' lang='lat' dir='ltr'><strong>locum</strong></span> <span class='ocrx_word' id='word_1_78' title='bbox 1753 1391 1830 1458; x_wconf 88' lang='lat' dir='ltr'><strong>haud</strong></span> <span class='ocrx_word' id='word_1_79' title='bbox 1852 1393 1940 1458; x_wconf 89' lang='lat' dir='ltr'><strong>dubie</strong></span> 
     </span>
     <span class='ocr_line' id='line_1_8' title="bbox 320 1495 1939 1584; baseline -0.001 -18"><span class='ocrx_word' id='word_1_80' title='bbox 320 1503 508 1584; x_wconf 84' lang='lat' dir='ltr'><strong>depravatum</strong></span> <span class='ocrx_word' id='word_1_81' title='bbox 535 1500 690 1564; x_wconf 90' lang='lat' dir='ltr'><strong>emendare</strong></span> <span class='ocrx_word' id='word_1_82' title='bbox 719 1499 882 1580; x_wconf 86' lang='lat' dir='ltr'><strong>possimus</strong></span> <span class='ocrx_word' id='word_1_83' title='bbox 899 1508 985 1580; x_wconf 89' lang='lat' dir='ltr'><strong>atque</strong></span> <span class='ocrx_word' id='word_1_84' title='bbox 1014 1501 1161 1580; x_wconf 77' lang='lat' dir='ltr'><strong>expolire.</strong></span> <span class='ocrx_word' id='word_1_85' title='bbox 1214 1497 1358 1576; x_wconf 80' lang='lat' dir='ltr'><strong>Particula</strong></span> <span class='ocrx_word' id='word_1_86' title='bbox 1391 1495 1464 1560; x_wconf 79' lang='grc'><strong>11111</strong></span> <span class='ocrx_word' id='word_1_87' title='bbox 1492 1495 1625 1572; x_wconf 88' lang='lat' dir='ltr'><strong>Pertzio,</strong></span> <span class='ocrx_word' id='word_1_88' title='bbox 1655 1498 1686 1560; x_wconf 92' lang='lat' dir='ltr'><strong>id</strong></span> <span class='ocrx_word' id='word_1_89' title='bbox 1716 1499 1797 1579; x_wconf 85' lang='lat' dir='ltr'><strong>quod</strong></span> <span class='ocrx_word' id='word_1_90' title='bbox 1819 1519 1854 1562; x_wconf 89' lang='lat' dir='ltr'><strong>cx</strong></span> <span class='ocrx_word' id='word_1_91' title='bbox 1875 1502 1939 1568; x_wconf 88' lang='lat' dir='ltr'><strong>eius</strong></span> 
     </span>
     <span class='ocr_line' id='line_1_9' title="bbox 320 1599 1938 1683; baseline -0.001 -15"><span class='ocrx_word' id='word_1_92' title='bbox 320 1605 434 1670; x_wconf 89' lang='lat' dir='ltr'><strong>silentio</strong></span> <span class='ocrx_word' id='word_1_93' title='bbox 466 1603 603 1683; x_wconf 81' lang='lat' dir='ltr'><strong>colligas,</strong></span> <span class='ocrx_word' id='word_1_94' title='bbox 633 1620 694 1664; x_wconf 92' lang='lat' dir='ltr'><strong>non</strong></span> <span class='ocrx_word' id='word_1_95' title='bbox 716 1610 868 1683; x_wconf 91' lang='lat' dir='ltr'><strong>suspecta,</strong></span> <span class='ocrx_word' id='word_1_96' title='bbox 899 1622 986 1683; x_wconf 88' lang='lat' dir='ltr'><strong>quam</strong></span> <span class='ocrx_word' id='word_1_97' title='bbox 1014 1603 1050 1668; x_wconf 93' lang='lat' dir='ltr'><strong>ab</strong></span> <span class='ocrx_word' id='word_1_98' title='bbox 1079 1603 1137 1666; x_wconf 91' lang='lat' dir='ltr'><strong>hoc</strong></span> <span class='ocrx_word' id='word_1_99' title='bbox 1165 1604 1232 1668; x_wconf 92' lang='lat' dir='ltr'><strong>loco</strong></span> <span class='ocrx_word' id='word_1_100' title='bbox 1261 1603 1383 1664; x_wconf 80' lang='lat' dir='ltr'><strong>alierum</strong></span> <span class='ocrx_word' id='word_1_101' title='bbox 1411 1619 1475 1663; x_wconf 90' lang='lat' dir='ltr'><strong>esse</strong></span> <span class='ocrx_word' id='word_1_102' title='bbox 1504 1619 1540 1664; x_wconf 85' lang='lat' dir='ltr'><strong>ex</strong></span> <span class='ocrx_word' id='word_1_103' title='bbox 1566 1599 1684 1680; x_wconf 84' lang='lat' dir='ltr'><strong>Reisigii</strong></span> <span class='ocrx_word' id='word_1_104' title='bbox 1714 1601 1845 1668; x_wconf 79' lang='lat' dir='ltr'><strong>Granum.</strong></span> <span class='ocrx_word' id='word_1_105' title='bbox 1872 1603 1938 1672; x_wconf 88' lang='lat' dir='ltr'><strong>Lat.</strong></span> 
     </span>
     <span class='ocr_line' id='line_1_10' title="bbox 318 1702 1938 1791; baseline 0.001 -21"><span class='ocrx_word' id='word_1_106' title='bbox 318 1727 351 1790; x_wconf 93' lang='lat' dir='ltr'><strong>p.</strong></span> <span class='ocrx_word' id='word_1_107' title='bbox 371 1705 444 1772; x_wconf 78' lang='grc'><strong>442.</strong></span> <span class='ocrx_word' id='word_1_108' title='bbox 468 1727 512 1788; x_wconf 85' lang='lat' dir='ltr'><strong>sq.</strong></span> <span class='ocrx_word' id='word_1_109' title='bbox 536 1714 622 1786; x_wconf 84' lang='lat' dir='ltr'><strong>atquo</strong></span> <span class='ocrx_word' id='word_1_110' title='bbox 640 1703 741 1768; x_wconf 86' lang='lat' dir='ltr'><strong>Kritzii</strong></span> <span class='ocrx_word' id='word_1_111' title='bbox 763 1713 792 1767; x_wconf 90' lang='lat' dir='ltr'><strong>et</strong></span> <span class='ocrx_word' id='word_1_112' title='bbox 811 1705 932 1786; x_wconf 84' lang='lat' dir='ltr'><strong>llergeri</strong></span> <span class='ocrx_word' id='word_1_113' title='bbox 954 1705 1084 1770; x_wconf 89' lang='lat' dir='ltr'><strong>Gramm.</strong></span> <span class='ocrx_word' id='word_1_114' title='bbox 1106 1707 1170 1774; x_wconf 89' lang='lat' dir='ltr'><strong>Lat.</strong></span> <span class='ocrx_word' id='word_1_115' title='bbox 1192 1727 1223 1788; x_wconf 88' lang='lat' dir='ltr'><strong>p.</strong></span> <span class='ocrx_word' id='word_1_116' title='bbox 1238 1702 1311 1770; x_wconf 86' lang='grc'><strong>476.</strong></span> <span class='ocrx_word' id='word_1_117' title='bbox 1333 1704 1436 1780; x_wconf 89' lang='lat' dir='ltr'><strong>discos,</strong></span> <span class='ocrx_word' id='word_1_118' title='bbox 1460 1704 1490 1766; x_wconf 93' lang='lat' dir='ltr'><strong>in</strong></span> <span class='ocrx_word' id='word_1_119' title='bbox 1508 1703 1697 1786; x_wconf 77' lang='lat' dir='ltr'>palimpsesto</span> <span class='ocrx_word' id='word_1_120' title='bbox 1719 1705 1760 1768; x_wconf 86' lang='lat' dir='ltr'><strong>ita</strong></span> <span class='ocrx_word' id='word_1_121' title='bbox 1777 1715 1938 1791; x_wconf 88' lang='lat' dir='ltr'><strong>comparet,</strong></span> 
     </span>
     <span class='ocr_line' id='line_1_11' title="bbox 319 1807 1938 1892; baseline -0.003 -15"><span class='ocrx_word' id='word_1_122' title='bbox 319 1823 352 1878; x_wconf 93' lang='lat' dir='ltr'><strong>ut</strong></span> <span class='ocrx_word' id='word_1_123' title='bbox 373 1814 474 1876; x_wconf 89' lang='lat' dir='ltr'><strong>ultima</strong></span> <span class='ocrx_word' id='word_1_124' title='bbox 496 1811 557 1876; x_wconf 89' lang='lat' dir='ltr'><strong>eius</strong></span> <span class='ocrx_word' id='word_1_125' title='bbox 579 1811 671 1885; x_wconf 85' lang='lat' dir='ltr'><strong>litera,</strong></span> <span class='ocrx_word' id='word_1_126' title='bbox 685 1809 767 1890; x_wconf 74' lang='lat' dir='ltr'><strong>cuius</strong></span> <span class='ocrx_word' id='word_1_127' title='bbox 782 1808 919 1890; x_wconf 81' lang='lat' dir='ltr'>superior</span> <span class='ocrx_word' id='word_1_128' title='bbox 938 1808 1079 1888; x_wconf 79' lang='lat' dir='ltr'><strong>particrda</strong></span> <span class='ocrx_word' id='word_1_129' title='bbox 1102 1809 1156 1872; x_wconf 91' lang='lat' dir='ltr'><strong>sub</strong></span> <span class='ocrx_word' id='word_1_130' title='bbox 1179 1809 1274 1890; x_wconf 89' lang='lat' dir='ltr'><strong>prima</strong></span> <span class='ocrx_word' id='word_1_131' title='bbox 1296 1807 1429 1872; x_wconf 81' lang='lat' dir='ltr'>vocabuli</span> <span class='ocrx_word' id='word_1_132' title='bbox 1451 1807 1526 1882; x_wconf 86' lang='lat' dir='ltr'><strong>loco,</strong></span> <span class='ocrx_word' id='word_1_133' title='bbox 1549 1809 1627 1888; x_wconf 89' lang='lat' dir='ltr'><strong>quod</strong></span> <span class='ocrx_word' id='word_1_134' title='bbox 1650 1807 1689 1870; x_wconf 91' lang='lat' dir='ltr'><strong>illi</strong></span> <span class='ocrx_word' id='word_1_135' title='bbox 1705 1811 1938 1892; x_wconf 85' lang='lat' dir='ltr'><strong>superscriptum</strong></span> 
     </span>
     <span class='ocr_line' id='line_1_12' title="bbox 319 1910 1936 1995; baseline -0.002 -13"><span class='ocrx_word' id='word_1_136' title='bbox 319 1927 372 1994; x_wconf 89' lang='lat' dir='ltr'><strong>est,</strong></span> <span class='ocrx_word' id='word_1_137' title='bbox 395 1917 478 1980; x_wconf 90' lang='lat' dir='ltr'><strong>litera</strong></span> <span class='ocrx_word' id='word_1_138' title='bbox 501 1915 578 1990; x_wconf 85' lang='lat' dir='ltr'><strong>latet,</strong></span> <span class='ocrx_word' id='word_1_139' title='bbox 601 1931 657 1994; x_wconf 91' lang='lat' dir='ltr'><strong>pro</strong></span> <span class='ocrx_word' id='word_1_140' title='bbox 681 1913 703 1976; x_wconf 82' lang='lat' dir='ltr'><strong>l</strong></span> <span class='ocrx_word' id='word_1_141' title='bbox 723 1920 752 1975; x_wconf 87' lang='lat' dir='ltr'><strong>et</strong></span> <span class='ocrx_word' id='word_1_142' title='bbox 777 1911 920 1976; x_wconf 84' lang='lat' dir='ltr'><strong>Thaberi</strong></span> <span class='ocrx_word' id='word_1_143' title='bbox 939 1911 1051 1990; x_wconf 63' lang='lat' dir='ltr'><strong>possita</strong></span> <span class='ocrx_word' id='word_1_144' title='bbox 1072 1911 1112 1974; x_wconf 87' lang='lat' dir='ltr'><strong>ita</strong></span> <span class='ocrx_word' id='word_1_145' title='bbox 1132 1913 1258 1994; x_wconf 72' lang='lat' dir='ltr'><strong>quidem,</strong></span> <span class='ocrx_word' id='word_1_146' title='bbox 1282 1920 1316 1975; x_wconf 91' lang='lat' dir='ltr'><strong>ut</strong></span> <span class='ocrx_word' id='word_1_147' title='bbox 1336 1910 1474 1986; x_wconf 83' lang='lat' dir='ltr'><strong>interior,</strong></span> <span class='ocrx_word' id='word_1_148' title='bbox 1497 1929 1534 1972; x_wconf 90' lang='lat' dir='ltr'><strong>ue</strong></span> <span class='ocrx_word' id='word_1_149' title='bbox 1554 1911 1623 1992; x_wconf 88' lang='lat' dir='ltr'><strong>quid</strong></span> <span class='ocrx_word' id='word_1_150' title='bbox 1645 1911 1838 1989; x_wconf 77' lang='lat' dir='ltr'>dissimulem,</span> <span class='ocrx_word' id='word_1_151' title='bbox 1860 1933 1936 1995; x_wconf 90' lang='lat' dir='ltr'><strong>pro·</strong></span> 
     </span>
     <span class='ocr_line' id='line_1_13' title="bbox 318 2007 1935 2105; baseline -0.002 -19"><span class='ocrx_word' id='word_1_152' title='bbox 318 2024 385 2105; x_wconf 90' lang='lat' dir='ltr'><strong>pius</strong></span> <span class='ocrx_word' id='word_1_153' title='bbox 404 2023 440 2086; x_wconf 86' lang='lat' dir='ltr'><strong>ad</strong></span> <span class='ocrx_word' id='word_1_154' title='bbox 463 2021 485 2084; x_wconf 83' lang='lat' dir='ltr'><strong>l</strong></span> <span class='ocrx_word' id='word_1_155' title='bbox 507 2021 607 2083; x_wconf 86' lang='lat' dir='ltr'><strong>literae</strong></span> <span class='ocrx_word' id='word_1_156' title='bbox 633 2015 853 2080; x_wconf 88' lang='lat' dir='ltr'><strong>similitudinem</strong></span> <span class='ocrx_word' id='word_1_157' title='bbox 880 2014 1018 2076; x_wconf 79' lang='lat' dir='ltr'><strong>accedere</strong></span> <span class='ocrx_word' id='word_1_158' title='bbox 1045 2013 1185 2080; x_wconf 82' lang='lat' dir='ltr'><strong>rideatur.</strong></span> <span class='ocrx_word' id='word_1_159' title='bbox 1235 2007 1449 2080; x_wconf 84' lang='lat' dir='ltr'><strong>Nihilominus</strong></span> <span class='ocrx_word' id='word_1_160' title='bbox 1473 2023 1584 2092; x_wconf 67' lang='lat' dir='ltr'><strong>umen,</strong></span> <span class='ocrx_word' id='word_1_161' title='bbox 1616 2035 1704 2098; x_wconf 88' lang='lat' dir='ltr'><strong>quum</strong></span> <span class='ocrx_word' id='word_1_162' title='bbox 1733 2016 1776 2080; x_wconf 83' lang='lat' dir='ltr'><strong>vel</strong></span> <span class='ocrx_word' id='word_1_163' title='bbox 1804 2016 1935 2091; x_wconf 89' lang='lat' dir='ltr'><strong>Pertzius</strong></span> 
     </span>
     <span class='ocr_line' id='line_1_14' title="bbox 319 2116 1935 2210; baseline -0.004 -19"><span class='ocrx_word' id='word_1_164' title='bbox 319 2128 394 2210; x_wconf 89' lang='lat' dir='ltr'><strong>ipsc,</strong></span> <span class='ocrx_word' id='word_1_165' title='bbox 416 2127 466 2208; x_wconf 86' lang='lat' dir='ltr'><strong>qui</strong></span> <span class='ocrx_word' id='word_1_166' title='bbox 488 2125 621 2188; x_wconf 88' lang='lat' dir='ltr'><strong>similiter</strong></span> <span class='ocrx_word' id='word_1_167' title='bbox 644 2123 721 2184; x_wconf 81' lang='lat' dir='ltr'><strong>inira</strong></span> <span class='ocrx_word' id='word_1_168' title='bbox 743 2121 778 2180; x_wconf 89' lang='lat' dir='ltr'><strong>de</strong></span> <span class='ocrx_word' id='word_1_169' title='bbox 800 2118 942 2184; x_wconf 78' lang='lat' dir='ltr'><strong>vomomo</strong></span> <span class='ocrx_word' id='word_1_170' title='bbox 961 2123 1122 2202; x_wconf 76' lang='lat' dir='ltr'><strong>propriore</strong></span> <span class='ocrx_word' id='word_1_171' title='bbox 1145 2136 1233 2198; x_wconf 80' lang='lat' dir='ltr'><strong>agens</strong></span> <span class='ocrx_word' id='word_1_172' title='bbox 1253 2117 1402 2192; x_wconf 83' lang='lat' dir='ltr'><strong>dubitarit,</strong></span> <span class='ocrx_word' id='word_1_173' title='bbox 1425 2125 1523 2180; x_wconf 87' lang='lat' dir='ltr'><strong>utrum</strong></span> <span class='ocrx_word' id='word_1_174' title='bbox 1542 2116 1569 2190; x_wconf 83' lang='lat'><strong>1,</strong></span> <span class='ocrx_word' id='word_1_175' title='bbox 1592 2136 1630 2178; x_wconf 93' lang='lat' dir='ltr'><strong>an</strong></span> <span class='ocrx_word' id='word_1_176' title='bbox 1654 2117 1727 2180; x_wconf 85' lang='grc'><strong>7111</strong></span> <span class='ocrx_word' id='word_1_177' title='bbox 1746 2119 1935 2200; x_wconf 77' lang='lat' dir='ltr'><strong>palimpsesto</strong></span> 
     </span>
     <span class='ocr_line' id='line_1_15' title="bbox 318 2221 1933 2314; baseline -0.007 -18"><span class='ocrx_word' id='word_1_178' title='bbox 318 2234 438 2314; x_wconf 81' lang='lat' dir='ltr'><strong>legatur,</strong></span> <span class='ocrx_word' id='word_1_179' title='bbox 453 2241 482 2296; x_wconf 91' lang='lat' dir='ltr'><strong>et</strong></span> <span class='ocrx_word' id='word_1_180' title='bbox 503 2231 550 2304; x_wconf 79' lang='grc'><strong>111,</strong></span> <span class='ocrx_word' id='word_1_181' title='bbox 567 2223 598 2288; x_wconf 98' lang='grc'><strong>6.</strong></span> <span class='ocrx_word' id='word_1_182' title='bbox 622 2225 739 2288; x_wconf 88' lang='lat' dir='ltr'><strong>easdem</strong></span> <span class='ocrx_word' id='word_1_183' title='bbox 759 2223 858 2286; x_wconf 90' lang='lat' dir='ltr'><strong>literas</strong></span> <span class='ocrx_word' id='word_1_184' title='bbox 880 2224 1063 2304; x_wconf 84' lang='lat' dir='ltr'><strong>permutavit,</strong></span> <span class='ocrx_word' id='word_1_185' title='bbox 1081 2223 1124 2284; x_wconf 84' lang='lat' dir='ltr'><strong>vel</strong></span> <span class='ocrx_word' id='word_1_186' title='bbox 1147 2222 1376 2302; x_wconf 75' lang='lat' dir='ltr'>chalcographus</span> <span class='ocrx_word' id='word_1_187' title='bbox 1397 2221 1452 2284; x_wconf 91' lang='lat' dir='ltr'><strong>hac</strong></span> <span class='ocrx_word' id='word_1_188' title='bbox 1473 2221 1504 2284; x_wconf 92' lang='lat' dir='ltr'><strong>in</strong></span> <span class='ocrx_word' id='word_1_189' title='bbox 1525 2239 1557 2282; x_wconf 91' lang='lat' dir='ltr'><strong>re</strong></span> <span class='ocrx_word' id='word_1_190' title='bbox 1580 2221 1661 2282; x_wconf 86' lang='lat' dir='ltr'><strong>lacilc</strong></span> <span class='ocrx_word' id='word_1_191' title='bbox 1682 2222 1933 2302; x_wconf 85' lang='lat' dir='ltr'><strong>polueriterraro,</strong></span> 
     </span>
     <span class='ocr_line' id='line_1_16' title="bbox 316 2325 1933 2406; baseline -0.003 -10"><span class='ocrx_word' id='word_1_192' title='bbox 316 2347 412 2403; x_wconf 83' lang='lat' dir='ltr'><strong>totmu</strong></span> <span class='ocrx_word' id='word_1_193' title='bbox 432 2337 530 2396; x_wconf 91' lang='lat' dir='ltr'><strong>locum</strong></span> <span class='ocrx_word' id='word_1_194' title='bbox 551 2331 591 2392; x_wconf 88' lang='lat' dir='ltr'><strong>ita</strong></span> <span class='ocrx_word' id='word_1_195' title='bbox 613 2326 846 2392; x_wconf 88' lang='lat' dir='ltr'><strong>constituendum</strong></span> <span class='ocrx_word' id='word_1_196' title='bbox 872 2343 936 2388; x_wconf 88' lang='lat' dir='ltr'><strong>esse</strong></span> <span class='ocrx_word' id='word_1_197' title='bbox 957 2326 1102 2401; x_wconf 88' lang='lat' dir='ltr'><strong>arbitror,</strong></span> <span class='ocrx_word' id='word_1_198' title='bbox 1132 2334 1164 2386; x_wconf 90' lang='lat' dir='ltr'><strong>ut</strong></span> <span class='ocrx_word' id='word_1_199' title='bbox 1184 2325 1329 2388; x_wconf 80' lang='lat' dir='ltr'><strong>levissima</strong></span> <span class='ocrx_word' id='word_1_200' title='bbox 1348 2325 1515 2400; x_wconf 86' lang='lat' dir='ltr'><strong>literarum,</strong></span> <span class='ocrx_word' id='word_1_201' title='bbox 1544 2344 1617 2405; x_wconf 91' lang='lat' dir='ltr'><strong>quac</strong></span> <span class='ocrx_word' id='word_1_202' title='bbox 1640 2333 1813 2406; x_wconf 82' lang='lat' dir='ltr'><strong>supersunt,</strong></span> <span class='ocrx_word' id='word_1_203' title='bbox 1837 2335 1933 2392; x_wconf 84' lang='lat' dir='ltr'><strong>muta·</strong></span> 
     </span>
     <span class='ocr_line' id='line_1_17' title="bbox 317 2427 1934 2514; baseline -0.009 -4"><span class='ocrx_word' id='word_1_204' title='bbox 317 2445 397 2509; x_wconf 78' lang='lat' dir='ltr'><strong>b&#39;one</strong></span> <span class='ocrx_word' id='word_1_205' title='bbox 416 2437 578 2500; x_wconf 76' lang='lat' dir='ltr'><strong>scrilsalur:</strong></span> <span class='ocrx_word' id='word_1_206' title='bbox 608 2438 657 2498; x_wconf 82' lang='grc'><strong>1111·</strong></span> <span class='ocrx_word' id='word_1_207' title='bbox 673 2443 779 2514; x_wconf 86' lang='lat' dir='ltr'><strong>posteo</strong></span> <span class='ocrx_word' id='word_1_208' title='bbox 802 2430 917 2492; x_wconf 85' lang='lat' dir='ltr'><strong>Cretico</strong></span> <span class='ocrx_word' id='word_1_209' title='bbox 941 2447 1101 2508; x_wconf 82' lang='lat' dir='ltr'><strong>copoomen</strong></span> <span class='ocrx_word' id='word_1_210' title='bbox 1129 2429 1277 2504; x_wconf 82' lang='lat' dir='ltr'><strong>inditum,</strong></span> <span class='ocrx_word' id='word_1_211' title='bbox 1301 2439 1329 2492; x_wconf 86' lang='lat' dir='ltr'><strong>et</strong></span> <span class='ocrx_word' id='word_1_212' title='bbox 1350 2427 1546 2512; x_wconf 77' lang='lat' dir='ltr'><strong>candidatum</strong></span> <span class='ocrx_word' id='word_1_213' title='bbox 1570 2433 1760 2510; x_wconf 75' lang='lat' dir='ltr'><strong>praetorium</strong></span> <span class='ocrx_word' id='word_1_214' title='bbox 1782 2437 1836 2492; x_wconf 91' lang='lat' dir='ltr'><strong>etc.</strong></span> <span class='ocrx_word' id='word_1_215' title='bbox 1881 2430 1934 2496; x_wconf 88' lang='lat' dir='ltr'><strong>Li-</strong></span> 
     </span>
     <span class='ocr_line' id='line_1_18' title="bbox 316 2531 1934 2616; baseline -0.007 -5"><span class='ocrx_word' id='word_1_216' title='bbox 316 2545 450 2610; x_wconf 85' lang='lat' dir='ltr'><strong>brarium</strong></span> <span class='ocrx_word' id='word_1_217' title='bbox 475 2541 567 2616; x_wconf 74' lang='lat' dir='ltr'><strong>emm,</strong></span> <span class='ocrx_word' id='word_1_218' title='bbox 595 2548 626 2600; x_wconf 88' lang='lat' dir='ltr'><strong>ut</strong></span> <span class='ocrx_word' id='word_1_219' title='bbox 649 2555 781 2600; x_wconf 89' lang='lat' dir='ltr'><strong>errorem</strong></span> <span class='ocrx_word' id='word_1_220' title='bbox 812 2555 829 2596; x_wconf 88' lang='lat' dir='ltr'><strong>a</strong></span> <span class='ocrx_word' id='word_1_221' title='bbox 858 2554 890 2596; x_wconf 90' lang='lat' dir='ltr'><strong>sc</strong></span> <span class='ocrx_word' id='word_1_222' title='bbox 918 2532 1108 2596; x_wconf 86' lang='lat' dir='ltr'><strong>commissum</strong></span> <span class='ocrx_word' id='word_1_223' title='bbox 1136 2533 1317 2605; x_wconf 81' lang='lat' dir='ltr'><strong>emendaret,</strong></span> <span class='ocrx_word' id='word_1_224' title='bbox 1349 2549 1384 2592; x_wconf 84' lang='lat' dir='ltr'><strong>ex</strong></span> <span class='ocrx_word' id='word_1_225' title='bbox 1411 2549 1495 2592; x_wconf 90' lang='lat' dir='ltr'><strong>moro</strong></span> <span class='ocrx_word' id='word_1_226' title='bbox 1517 2531 1553 2594; x_wconf 90' lang='lat' dir='ltr'><strong>ab</strong></span> <span class='ocrx_word' id='word_1_227' title='bbox 1576 2531 1639 2594; x_wconf 90' lang='lat' dir='ltr'><strong>aliis</strong></span> <span class='ocrx_word' id='word_1_228' title='bbox 1661 2551 1778 2614; x_wconf 86' lang='lat' dir='ltr'><strong>quoque</strong></span> <span class='ocrx_word' id='word_1_229' title='bbox 1806 2533 1934 2600; x_wconf 83' lang='lat' dir='ltr'><strong>librariis</strong></span> 
     </span>
     <span class='ocr_line' id='line_1_19' title="bbox 317 2634 1932 2732; baseline -0.007 -17"><span class='ocrx_word' id='word_1_230' title='bbox 317 2657 460 2732; x_wconf 87' lang='lat' dir='ltr'><strong>usurpato</strong></span> <span class='ocrx_word' id='word_1_231' title='bbox 483 2641 694 2716; x_wconf 75' lang='lat' dir='ltr'><strong>volumno,</strong></span> <span class='ocrx_word' id='word_1_232' title='bbox 723 2639 860 2704; x_wconf 77' lang='lat' dir='ltr'><strong>literali!</strong></span> <span class='ocrx_word' id='word_1_233' title='bbox 886 2637 1046 2702; x_wconf 87' lang='lat' dir='ltr'><strong>minuscula</strong></span> <span class='ocrx_word' id='word_1_234' title='bbox 1068 2637 1168 2700; x_wconf 90' lang='lat' dir='ltr'><strong>literae</strong></span> <span class='ocrx_word' id='word_1_235' title='bbox 1193 2635 1220 2700; x_wconf 83' lang='grc' dir='ltr'><strong>[Ι</strong></span> <span class='ocrx_word' id='word_1_236' title='bbox 1248 2635 1491 2716; x_wconf 89' lang='lat' dir='ltr'><strong>superimposita,</strong></span> <span class='ocrx_word' id='word_1_237' title='bbox 1521 2634 1565 2698; x_wconf 87' lang='lat' dir='ltr'><strong>vel</strong></span> <span class='ocrx_word' id='word_1_238' title='bbox 1593 2634 1744 2698; x_wconf 79' lang='lat' dir='ltr'><strong>lNDlTU&#39;</strong></span> <span class='ocrx_word' id='word_1_239' title='bbox 1769 2639 1932 2720; x_wconf 81' lang='lat' dir='ltr'><strong>scripsisse,</strong></span> 
     </span>
    </p>
   </div>
   <div class='ocr_carea' id='block_1_3' title="bbox 316 2739 1932 2936">
    <p class='ocr_par' dir='ltr' id='par_1_3' title="bbox 316 2739 1932 2936">
     <span class='ocr_line' id='line_1_20' title="bbox 316 2739 1932 2836; baseline -0.01 -16"><span class='ocrx_word' id='word_1_240' title='bbox 316 2764 404 2836; x_wconf 90' lang='lat' dir='ltr'><strong>atque</strong></span> <span class='ocrx_word' id='word_1_241' title='bbox 421 2752 566 2816; x_wconf 88' lang='lat' dir='ltr'><strong>litorulam</strong></span> <span class='ocrx_word' id='word_1_242' title='bbox 587 2747 665 2810; x_wconf 79' lang='lat' dir='ltr'><strong>illeso</strong></span> <span class='ocrx_word' id='word_1_243' title='bbox 686 2747 731 2808; x_wconf 83' lang='lat' dir='ltr'><strong>vel</strong></span> <span class='ocrx_word' id='word_1_244' title='bbox 750 2745 885 2808; x_wconf 90' lang='lat' dir='ltr'><strong>lincolam</strong></span> <span class='ocrx_word' id='word_1_245' title='bbox 906 2742 968 2806; x_wconf 88' lang='lat' dir='ltr'><strong>cius</strong></span> <span class='ocrx_word' id='word_1_246' title='bbox 990 2742 1136 2814; x_wconf 84' lang='lat' dir='ltr'><strong>vicariam,</strong></span> <span class='ocrx_word' id='word_1_247' title='bbox 1159 2741 1245 2820; x_wconf 77' lang='lat' dir='ltr'><strong>rorigo</strong></span> <span class='ocrx_word' id='word_1_248' title='bbox 1267 2739 1383 2820; x_wconf 72' lang='lat' dir='ltr'><strong>qmdcm</strong></span> <span class='ocrx_word' id='word_1_249' title='bbox 1406 2739 1437 2802; x_wconf 91' lang='lat' dir='ltr'><strong>in</strong></span> <span class='ocrx_word' id='word_1_250' title='bbox 1456 2747 1586 2802; x_wconf 85' lang='lat' dir='ltr'><strong>extremo</strong></span> <span class='ocrx_word' id='word_1_251' title='bbox 1608 2757 1694 2802; x_wconf 80' lang='lat' dir='ltr'><strong>uersu</strong></span> <span class='ocrx_word' id='word_1_252' title='bbox 1715 2739 1786 2820; x_wconf 90' lang='lat' dir='ltr'><strong>poni</strong></span> <span class='ocrx_word' id='word_1_253' title='bbox 1806 2741 1932 2822; x_wconf 89' lang='lat' dir='ltr'><strong>solitam,</strong></span> 
     </span>
     <span class='ocr_line' id='line_1_21' title="bbox 316 2841 1932 2936; baseline -0.009 -13"><span class='ocrx_word' id='word_1_254' title='bbox 316 2869 506 2936; x_wconf 75' lang='lat' dir='ltr'><strong>tum,.quum</strong></span> <span class='ocrx_word' id='word_1_255' title='bbox 528 2851 697 2916; x_wconf 88' lang='lat' dir='ltr'><strong>membrana</strong></span> <span class='ocrx_word' id='word_1_256' title='bbox 719 2867 810 2910; x_wconf 82' lang='lat' dir='ltr'><strong>norae</strong></span> <span class='ocrx_word' id='word_1_257' title='bbox 832 2845 996 2926; x_wconf 88' lang='lat' dir='ltr'><strong>scripturae</strong></span> <span class='ocrx_word' id='word_1_258' title='bbox 1017 2849 1175 2925; x_wconf 89' lang='lat' dir='ltr'><strong>aptaretur,</strong></span> <span class='ocrx_word' id='word_1_259' title='bbox 1199 2843 1237 2904; x_wconf 90' lang='lat' dir='ltr'><strong>ita</strong></span> <span class='ocrx_word' id='word_1_260' title='bbox 1259 2860 1373 2904; x_wconf 90' lang='lat' dir='ltr'><strong>erasam</strong></span> <span class='ocrx_word' id='word_1_261' title='bbox 1395 2859 1459 2904; x_wconf 83' lang='lat' dir='ltr'><strong>osse</strong></span> <span class='ocrx_word' id='word_1_262' title='bbox 1479 2841 1630 2924; x_wconf 87' lang='lat' dir='ltr'><strong>suspicor,</strong></span> <span class='ocrx_word' id='word_1_263' title='bbox 1652 2852 1685 2906; x_wconf 91' lang='lat' dir='ltr'><strong>ut</strong></span> <span class='ocrx_word' id='word_1_264' title='bbox 1705 2843 1782 2904; x_wconf 93' lang='lat' dir='ltr'><strong>nulla</strong></span> <span class='ocrx_word' id='word_1_265' title='bbox 1801 2844 1863 2906; x_wconf 89' lang='lat' dir='ltr'><strong>eius</strong></span> <span class='ocrx_word' id='word_1_266' title='bbox 1882 2863 1932 2908; x_wconf 84' lang='lat' dir='ltr'><strong>ve·</strong></span> 
     </span>
    </p>
   </div>
   <div class='ocr_carea' id='block_1_4' title="bbox 312 2941 1995 4090">
    <p class='ocr_par' dir='ltr' id='par_1_4' title="bbox 312 2941 1995 4090">
     <span class='ocr_line' id='line_1_22' title="bbox 316 2941 1932 3044; baseline -0.009 -18"><span class='ocrx_word' id='word_1_267' title='bbox 316 2963 401 3044; x_wconf 83' lang='lat' dir='ltr'><strong>stigio</strong></span> <span class='ocrx_word' id='word_1_268' title='bbox 420 2961 611 3022; x_wconf 86' lang='lat' dir='ltr'><strong>remanerent.</strong></span> <span class='ocrx_word' id='word_1_269' title='bbox 655 2951 720 3014; x_wconf 79' lang='lat' dir='ltr'><strong>viu</strong></span> <span class='ocrx_word' id='word_1_270' title='bbox 743 2949 890 3012; x_wconf 79' lang='lat' dir='ltr'><strong>Annotatt.</strong></span> <span class='ocrx_word' id='word_1_271' title='bbox 914 2948 950 3009; x_wconf 92' lang='lat' dir='ltr'><strong>ad</strong></span> <span class='ocrx_word' id='word_1_272' title='bbox 974 2945 1100 3009; x_wconf 88' lang='lat' dir='ltr'><strong>Sallustii</strong></span> <span class='ocrx_word' id='word_1_273' title='bbox 1122 2946 1196 3008; x_wconf 90' lang='lat' dir='ltr'><strong>llist.</strong></span> <span class='ocrx_word' id='word_1_274' title='bbox 1218 2943 1283 3007; x_wconf 90' lang='lat' dir='ltr'><strong>Lib.</strong></span> <span class='ocrx_word' id='word_1_275' title='bbox 1305 2943 1355 3007; x_wconf 91' lang='grc'><strong>111.</strong></span> <span class='ocrx_word' id='word_1_276' title='bbox 1377 2944 1551 3025; x_wconf 85' lang='lat' dir='ltr'><strong>Fragmenta</strong></span> <span class='ocrx_word' id='word_1_277' title='bbox 1569 2965 1600 3028; x_wconf 90' lang='lat' dir='ltr'><strong>p.</strong></span> <span class='ocrx_word' id='word_1_278' title='bbox 1621 2941 1672 3010; x_wconf 82' lang='grc'><strong>36.</strong></span> <span class='ocrx_word' id='word_1_279' title='bbox 1692 2941 1744 3009; x_wconf 87' lang='grc'><strong>73.</strong></span> <span class='ocrx_word' id='word_1_280' title='bbox 1768 2967 1812 3029; x_wconf 84' lang='lat' dir='ltr'><strong>sq.</strong></span> <span class='ocrx_word' id='word_1_281' title='bbox 1836 2957 1865 3012; x_wconf 88' lang='lat' dir='ltr'><strong>et</strong></span> <span class='ocrx_word' id='word_1_282' title='bbox 1878 2941 1932 3012; x_wconf 78' lang='lat'><strong>91.</strong></span> 
     </span>
     <span class='ocr_line' id='line_1_23' title="bbox 315 3045 1934 3136; baseline -0.006 -7"><span class='ocrx_word' id='word_1_283' title='bbox 315 3065 358 3129; x_wconf 79' lang='lat' dir='ltr'><strong>ns</strong></span> <span class='ocrx_word' id='word_1_284' title='bbox 379 3065 547 3126; x_wconf 89' lang='lat' dir='ltr'><strong>lacunarum</strong></span> <span class='ocrx_word' id='word_1_285' title='bbox 570 3065 666 3121; x_wconf 86' lang='lat' dir='ltr'><strong>autem</strong></span> <span class='ocrx_word' id='word_1_286' title='bbox 688 3053 896 3136; x_wconf 88' lang='lat' dir='ltr'><strong>supplementis</strong></span> <span class='ocrx_word' id='word_1_287' title='bbox 918 3072 978 3116; x_wconf 89' lang='lat' dir='ltr'><strong>non</strong></span> <span class='ocrx_word' id='word_1_288' title='bbox 1000 3060 1043 3113; x_wconf 89' lang='lat' dir='ltr'><strong>est</strong></span> <span class='ocrx_word' id='word_1_289' title='bbox 1064 3069 1117 3112; x_wconf 91' lang='lat' dir='ltr'><strong>cur</strong></span> <span class='ocrx_word' id='word_1_290' title='bbox 1139 3049 1262 3112; x_wconf 86' lang='lat' dir='ltr'><strong>dubites.</strong></span> <span class='ocrx_word' id='word_1_291' title='bbox 1307 3047 1368 3110; x_wconf 77' lang='lat' dir='ltr'><strong>liu.</strong></span> <span class='ocrx_word' id='word_1_292' title='bbox 1391 3048 1419 3125; x_wconf 95' lang='lat' dir='ltr'><strong>l,</strong></span> <span class='ocrx_word' id='word_1_293' title='bbox 1442 3045 1493 3111; x_wconf 76' lang='grc'><strong>34.</strong></span> <span class='ocrx_word' id='word_1_294' title='bbox 1516 3051 1552 3112; x_wconf 90' lang='lat' dir='ltr'><strong>de</strong></span> <span class='ocrx_word' id='word_1_295' title='bbox 1576 3050 1695 3113; x_wconf 81' lang='lat' dir='ltr'><strong>Arruntis</strong></span> <span class='ocrx_word' id='word_1_296' title='bbox 1717 3051 1794 3115; x_wconf 83' lang='lat' dir='ltr'><strong>filio:</strong></span> <span class='ocrx_word' id='word_1_297' title='bbox 1823 3071 1934 3136; x_wconf 80' lang='lat' dir='ltr'><strong>puero,</strong></span> 
     </span>
     <span class='ocr_line' id='line_1_24' title="bbox 312 3152 1930 3255; baseline -0.009 -20"><span class='ocrx_word' id='word_1_298' title='bbox 312 3183 382 3255; x_wconf 87' lang='lat' dir='ltr'><strong>post</strong></span> <span class='ocrx_word' id='word_1_299' title='bbox 402 3173 453 3232; x_wconf 84' lang='lat' dir='ltr'><strong>oui</strong></span> <span class='ocrx_word' id='word_1_300' title='bbox 475 3179 601 3230; x_wconf 86' lang='lat' dir='ltr'><strong>mortem</strong></span> <span class='ocrx_word' id='word_1_301' title='bbox 623 3169 656 3224; x_wconf 82' lang='lat' dir='ltr'><strong>io</strong></span> <span class='ocrx_word' id='word_1_302' title='bbox 679 3161 798 3223; x_wconf 77' lang='lat' dir='ltr'><strong>stollam</strong></span> <span class='ocrx_word' id='word_1_303' title='bbox 821 3171 931 3252; x_wconf 82' lang='lat' dir='ltr'><strong>sortem</strong></span> <span class='ocrx_word' id='word_1_304' title='bbox 953 3159 1101 3220; x_wconf 84' lang='lat' dir='ltr'><strong>bonorum</strong></span> <span class='ocrx_word' id='word_1_305' title='bbox 1123 3153 1860 3246; x_wconf 59' lang='grc'><strong>11111111111111111691111111111111111111111111111111.</strong></span> <span class='ocrx_word' id='word_1_306' title='bbox 1878 3152 1930 3221; x_wconf 80' lang='lat' dir='ltr'><strong>od.</strong></span> 
     </span>
     <span class='ocr_line' id='line_1_25' title="bbox 315 3253 1933 3349; baseline -0.011 -8"><span class='ocrx_word' id='word_1_307' title='bbox 315 3277 408 3341; x_wconf 84' lang='lat' dir='ltr'><strong>Haud</strong></span> <span class='ocrx_word' id='word_1_308' title='bbox 428 3279 542 3336; x_wconf 78' lang='lat' dir='ltr'><strong>mirum</strong></span> <span class='ocrx_word' id='word_1_309' title='bbox 564 3287 635 3344; x_wconf 83' lang='lat' dir='ltr'><strong>esse,</strong></span> <span class='ocrx_word' id='word_1_310' title='bbox 656 3269 790 3349; x_wconf 82' lang='lat' dir='ltr'><strong>Superbo</strong></span> <span class='ocrx_word' id='word_1_311' title='bbox 814 3265 945 3328; x_wconf 78' lang='lat' dir='ltr'><strong>inditum</strong></span> <span class='ocrx_word' id='word_1_312' title='bbox 968 3263 1080 3326; x_wconf 88' lang='lat' dir='ltr'><strong>liomoe</strong></span> <span class='ocrx_word' id='word_1_313' title='bbox 1101 3277 1275 3340; x_wconf 81' lang='lat' dir='ltr'><strong>copuomeo,</strong></span> <span class='ocrx_word' id='word_1_314' title='bbox 1297 3257 1333 3333; x_wconf 92' lang='lat' dir='ltr'><strong>ll,</strong></span> <span class='ocrx_word' id='word_1_315' title='bbox 1360 3253 1408 3319; x_wconf 78' lang='lat'><strong>1³.</strong></span> <span class='ocrx_word' id='word_1_316' title='bbox 1433 3261 1483 3322; x_wconf 86' lang='lat' dir='ltr'><strong>cui</strong></span> <span class='ocrx_word' id='word_1_317' title='bbox 1499 3269 1604 3338; x_wconf 86' lang='lat' dir='ltr'><strong>posteo</strong></span> <span class='ocrx_word' id='word_1_318' title='bbox 1626 3259 1788 3324; x_wconf 85' lang='lat' dir='ltr'><strong>Scaeuolae</strong></span> <span class='ocrx_word' id='word_1_319' title='bbox 1807 3281 1827 3324; x_wconf 90' lang='lat' dir='ltr'><strong>o</strong></span> <span class='ocrx_word' id='word_1_320' title='bbox 1848 3261 1933 3326; x_wconf 83' lang='lat' dir='ltr'><strong>clade</strong></span> 
     </span>
     <span class='ocr_line' id='line_1_26' title="bbox 317 3359 1930 3452; baseline -0.012 -9"><span class='ocrx_word' id='word_1_321' title='bbox 317 3381 441 3442; x_wconf 77' lang='lat' dir='ltr'><strong>destrae</strong></span> <span class='ocrx_word' id='word_1_322' title='bbox 461 3395 568 3440; x_wconf 83' lang='lat' dir='ltr'><strong>monos</strong></span> <span class='ocrx_word' id='word_1_323' title='bbox 589 3391 750 3452; x_wconf 80' lang='lat' dir='ltr'><strong>copuomen</strong></span> <span class='ocrx_word' id='word_1_324' title='bbox 769 3371 911 3443; x_wconf 75' lang='lat' dir='ltr'><strong>inditum,</strong></span> <span class='ocrx_word' id='word_1_325' title='bbox 933 3365 983 3440; x_wconf 85' lang='lat' dir='ltr'><strong>lll,</strong></span> <span class='ocrx_word' id='word_1_326' title='bbox 1008 3359 1061 3426; x_wconf 85' lang='grc'><strong>65.</strong></span> <span class='ocrx_word' id='word_1_327' title='bbox 1084 3361 1161 3424; x_wconf 83' lang='lat' dir='ltr'><strong>uode</strong></span> <span class='ocrx_word' id='word_1_328' title='bbox 1180 3361 1290 3440; x_wconf 77' lang='lat' dir='ltr'><strong>Aspero</strong></span> <span class='ocrx_word' id='word_1_329' title='bbox 1311 3361 1402 3420; x_wconf 79' lang='lat' dir='ltr'><strong>eriam</strong></span> <span class='ocrx_word' id='word_1_330' title='bbox 1422 3359 1554 3422; x_wconf 79' lang='lat' dir='ltr'><strong>inditum</strong></span> <span class='ocrx_word' id='word_1_331' title='bbox 1575 3363 1930 3442; x_wconf 64' lang='lat' dir='ltr'><strong>asscensorem,</strong></span> 
     </span>
     <span class='ocr_line' id='line_1_27' title="bbox 316 3455 1929 3552; baseline -0.011 -5"><span class='ocrx_word' id='word_1_332' title='bbox 316 3479 368 3546; x_wconf 80' lang='lat'><strong>³7.</strong></span> <span class='ocrx_word' id='word_1_333' title='bbox 412 3482 485 3546; x_wconf 83' lang='lat' dir='ltr'><strong>lude</strong></span> <span class='ocrx_word' id='word_1_334' title='bbox 508 3478 679 3541; x_wconf 79' lang='lat' dir='ltr'><strong>Sotr&#39;rrotom&#39;</strong></span> <span class='ocrx_word' id='word_1_335' title='bbox 699 3475 784 3537; x_wconf 78' lang='lat' dir='ltr'><strong>dicio</strong></span> <span class='ocrx_word' id='word_1_336' title='bbox 805 3474 937 3536; x_wconf 81' lang='lat' dir='ltr'><strong>inditum</strong></span> <span class='ocrx_word' id='word_1_337' title='bbox 958 3487 1127 3552; x_wconf 74' lang='lat' dir='ltr'><strong>copoomem</strong></span> <span class='ocrx_word' id='word_1_338' title='bbox 1149 3472 1179 3529; x_wconf 90' lang='lat' dir='ltr'><strong>et</strong></span> <span class='ocrx_word' id='word_1_339' title='bbox 1196 3463 1256 3538; x_wconf 91' lang='lat' dir='ltr'><strong>XL,</strong></span> <span class='ocrx_word' id='word_1_340' title='bbox 1276 3458 1329 3526; x_wconf 82' lang='grc'><strong>44.</strong></span> <span class='ocrx_word' id='word_1_341' title='bbox 1373 3461 1446 3526; x_wconf 82' lang='lat' dir='ltr'><strong>lude</strong></span> <span class='ocrx_word' id='word_1_342' title='bbox 1465 3480 1624 3544; x_wconf 73' lang='lat' dir='ltr'><strong>copromeo</strong></span> <span class='ocrx_word' id='word_1_343' title='bbox 1638 3455 1929 3544; x_wconf 75' lang='lat' dir='ltr'><strong>somiltoer&#39;rtditum,</strong></span> 
     </span>
     <span class='ocr_line' id='line_1_28' title="bbox 316 3568 1932 3668; baseline -0.012 -14"><span class='ocrx_word' id='word_1_344' title='bbox 316 3601 351 3654; x_wconf 84' lang='lat' dir='ltr'><strong>ut</strong></span> <span class='ocrx_word' id='word_1_345' title='bbox 378 3585 509 3650; x_wconf 79' lang='lat' dir='ltr'><strong>Annales</strong></span> <span class='ocrx_word' id='word_1_346' title='bbox 536 3581 773 3668; x_wconf 78' lang='lat' dir='ltr'><strong>appellarentur.</strong></span> <span class='ocrx_word' id='word_1_347' title='bbox 818 3579 860 3640; x_wconf 84' lang='lat' dir='ltr'><strong>Ea</strong></span> <span class='ocrx_word' id='word_1_348' title='bbox 889 3579 994 3658; x_wconf 83' lang='lat' dir='ltr'><strong>igitur,</strong></span> <span class='ocrx_word' id='word_1_349' title='bbox 1022 3594 1096 3656; x_wconf 81' lang='lat' dir='ltr'><strong>quae</strong></span> <span class='ocrx_word' id='word_1_350' title='bbox 1116 3571 1214 3634; x_wconf 84' lang='lat' dir='ltr'><strong>Livius</strong></span> <span class='ocrx_word' id='word_1_351' title='bbox 1243 3568 1370 3634; x_wconf 81' lang='lat' dir='ltr'><strong>breviter</strong></span> <span class='ocrx_word' id='word_1_352' title='bbox 1390 3568 1535 3643; x_wconf 84' lang='lat' dir='ltr'><strong>namarit,</strong></span> <span class='ocrx_word' id='word_1_353' title='bbox 1561 3585 1626 3630; x_wconf 89' lang='lat' dir='ltr'><strong>mea</strong></span> <span class='ocrx_word' id='word_1_354' title='bbox 1648 3570 1764 3650; x_wconf 87' lang='lat' dir='ltr'><strong>quidem</strong></span> <span class='ocrx_word' id='word_1_355' title='bbox 1793 3570 1932 3652; x_wconf 86' lang='lat' dir='ltr'><strong>opinione</strong></span> 
     </span>
     <span class='ocr_line' id='line_1_29' title="bbox 316 3677 1931 3776; baseline -0.011 -18"><span class='ocrx_word' id='word_1_356' title='bbox 316 3691 482 3776; x_wconf 82' lang='lat' dir='ltr'><strong>explicanda</strong></span> <span class='ocrx_word' id='word_1_357' title='bbox 507 3696 574 3749; x_wconf 88' lang='lat' dir='ltr'><strong>sunt</strong></span> <span class='ocrx_word' id='word_1_358' title='bbox 592 3688 669 3750; x_wconf 90' lang='lat' dir='ltr'><strong>huuc</strong></span> <span class='ocrx_word' id='word_1_359' title='bbox 692 3685 722 3746; x_wconf 91' lang='lat' dir='ltr'><strong>in</strong></span> <span class='ocrx_word' id='word_1_360' title='bbox 743 3681 880 3744; x_wconf 88' lang='lat' dir='ltr'><strong>modum:</strong></span> <span class='ocrx_word' id='word_1_361' title='bbox 910 3679 1024 3754; x_wconf 84' lang='lat' dir='ltr'><strong>„Plebs</strong></span> <span class='ocrx_word' id='word_1_362' title='bbox 1045 3679 1120 3741; x_wconf 90' lang='lat' dir='ltr'><strong>inter</strong></span> <span class='ocrx_word' id='word_1_363' title='bbox 1141 3677 1198 3751; x_wconf 89' lang='lat' dir='ltr'><strong>illa,</strong></span> <span class='ocrx_word' id='word_1_364' title='bbox 1229 3695 1303 3757; x_wconf 89' lang='lat' dir='ltr'><strong>quae</strong></span> <span class='ocrx_word' id='word_1_365' title='bbox 1322 3694 1411 3756; x_wconf 89' lang='lat' dir='ltr'><strong>supra</strong></span> <span class='ocrx_word' id='word_1_366' title='bbox 1439 3683 1723 3751; x_wconf 80' lang='lat' dir='ltr'><strong>commemorantur,</strong></span> <span class='ocrx_word' id='word_1_367' title='bbox 1747 3677 1931 3770; x_wconf 77' lang='lat' dir='ltr'><strong>diversorum</strong></span> 
     </span>
     <span class='ocr_line' id='line_1_30' title="bbox 317 3780 1928 3870; baseline -0.01 -9"><span class='ocrx_word' id='word_1_368' title='bbox 317 3797 454 3862; x_wconf 88' lang='lat' dir='ltr'><strong>ordinum</strong></span> <span class='ocrx_word' id='word_1_369' title='bbox 476 3792 634 3856; x_wconf 88' lang='lat' dir='ltr'><strong>certamina</strong></span> <span class='ocrx_word' id='word_1_370' title='bbox 654 3789 806 3870; x_wconf 87' lang='lat' dir='ltr'><strong>impotenti</strong></span> <span class='ocrx_word' id='word_1_371' title='bbox 829 3787 1018 3868; x_wconf 89' lang='lat' dir='ltr'><strong>patriciorum</strong></span> <span class='ocrx_word' id='word_1_372' title='bbox 1041 3783 1157 3849; x_wconf 87' lang='lat' dir='ltr'><strong>saevitia</strong></span> <span class='ocrx_word' id='word_1_373' title='bbox 1177 3781 1293 3860; x_wconf 78' lang='lat' dir='ltr'><strong>fatigata</strong></span> <span class='ocrx_word' id='word_1_374' title='bbox 1313 3781 1447 3844; x_wconf 90' lang='lat' dir='ltr'><strong>consules</strong></span> <span class='ocrx_word' id='word_1_375' title='bbox 1467 3780 1565 3854; x_wconf 87' lang='lat' dir='ltr'><strong>ambo,</strong></span> <span class='ocrx_word' id='word_1_376' title='bbox 1583 3781 1729 3842; x_wconf 91' lang='lat' dir='ltr'><strong>nescimus</strong></span> <span class='ocrx_word' id='word_1_377' title='bbox 1748 3780 1829 3869; x_wconf 87' lang='lat' dir='ltr'><strong>cuins</strong></span> <span class='ocrx_word' id='word_1_378' title='bbox 1851 3782 1928 3860; x_wconf 88' lang='lat' dir='ltr'><strong>anni,</strong></span> 
     </span>
     <span class='ocr_line' id='line_1_31' title="bbox 317 3881 1930 3976; baseline -0.011 -9"><span class='ocrx_word' id='word_1_379' title='bbox 317 3923 382 3966; x_wconf 92' lang='lat' dir='ltr'><strong>cum</strong></span> <span class='ocrx_word' id='word_1_380' title='bbox 407 3897 590 3974; x_wconf 67' lang='grc'><strong>(1111111111,</strong></span> <span class='ocrx_word' id='word_1_381' title='bbox 615 3895 664 3976; x_wconf 91' lang='lat' dir='ltr'><strong>qui</strong></span> <span class='ocrx_word' id='word_1_382' title='bbox 687 3902 748 3956; x_wconf 91' lang='lat' dir='ltr'><strong>tum</strong></span> <span class='ocrx_word' id='word_1_383' title='bbox 770 3891 900 3976; x_wconf 89' lang='lat' dir='ltr'><strong>privatus</strong></span> <span class='ocrx_word' id='word_1_384' title='bbox 920 3897 1032 3971; x_wconf 90' lang='lat' dir='ltr'><strong>postea,</strong></span> <span class='ocrx_word' id='word_1_385' title='bbox 1054 3905 1142 3969; x_wconf 69' lang='lat' dir='ltr'><strong>mum</strong></span> <span class='ocrx_word' id='word_1_386' title='bbox 1165 3903 1200 3946; x_wconf 81' lang='lat' dir='ltr'><strong>ex</strong></span> <span class='ocrx_word' id='word_1_387' title='bbox 1219 3882 1371 3946; x_wconf 89' lang='lat' dir='ltr'><strong>consulatu</strong></span> <span class='ocrx_word' id='word_1_388' title='bbox 1393 3881 1509 3944; x_wconf 80' lang='lat' dir='ltr'><strong>Cretam</strong></span> <span class='ocrx_word' id='word_1_389' title='bbox 1532 3882 1657 3947; x_wconf 78' lang='lat' dir='ltr'><strong>meolam</strong></span> <span class='ocrx_word' id='word_1_390' title='bbox 1677 3883 1753 3945; x_wconf 89' lang='lat' dir='ltr'><strong>intra</strong></span> <span class='ocrx_word' id='word_1_391' title='bbox 1773 3881 1930 3950; x_wconf 80' lang='lat' dir='ltr'><strong>triennium</strong></span> 
     </span>
     <span class='ocr_line' id='line_1_32' title="bbox 314 3971 1995 4090; baseline -0.01 -22"><span class='ocrx_word' id='word_1_392' title='bbox 314 4006 545 4090; x_wconf 85' lang='lat' dir='ltr'><strong>perdomuisset,</strong></span> <span class='ocrx_word' id='word_1_393' title='bbox 577 4001 707 4062; x_wconf 87' lang='lat' dir='ltr'><strong>Creticus</strong></span> <span class='ocrx_word' id='word_1_394' title='bbox 737 3996 959 4077; x_wconf 83' lang='lat' dir='ltr'><strong>cognominatus</strong></span> <span class='ocrx_word' id='word_1_395' title='bbox 986 4002 1047 4066; x_wconf 90' lang='lat' dir='ltr'><strong>est,</strong></span> <span class='ocrx_word' id='word_1_396' title='bbox 1077 3997 1106 4052; x_wconf 91' lang='lat' dir='ltr'><strong>et</strong></span> <span class='ocrx_word' id='word_1_397' title='bbox 1135 3985 1284 4051; x_wconf 88' lang='lat' dir='ltr'><strong>candidato</strong></span> <span class='ocrx_word' id='word_1_398' title='bbox 1314 3985 1479 4066; x_wconf 88' lang='lat' dir='ltr'><strong>praetorio,</strong></span> <span class='ocrx_word' id='word_1_399' title='bbox 1510 3985 1591 4048; x_wconf 92' lang='lat' dir='ltr'><strong>cuius</strong></span> <span class='ocrx_word' id='word_1_400' title='bbox 1616 4003 1724 4049; x_wconf 90' lang='lat' dir='ltr'><strong>nomen</strong></span> <span class='ocrx_word' id='word_1_401' title='bbox 1750 3971 1876 4052; x_wconf 45' lang='lat' dir='ltr'><strong>a&#39;Livio</strong></span> <span class='ocrx_word' id='word_1_402' title='bbox 1897 3990 1930 4056; x_wconf 88' lang='lat' dir='ltr'><strong>in</strong></span> <span class='ocrx_word' id='word_1_403' title='bbox 1983 4001 1995 4028; x_wconf 77' lang='lat'><em>⁶</em></span> 
     </span>
    </p>
   </div>
   <div class='ocr_carea' id='block_1_5' title="bbox 315 4091 1930 4288">
    <p class='ocr_par' dir='ltr' id='par_1_5' title="bbox 315 4091 1930 4288">
     <span class='ocr_line' id='line_1_33' title="bbox 315 4091 1928 4196; baseline -0.018 -23"><span class='ocrx_word' id='word_1_404' title='bbox 315 4109 554 4196; x_wconf 88' lang='lat' dir='ltr'><strong>praecedentibus</strong></span> <span class='ocrx_word' id='word_1_405' title='bbox 577 4105 685 4167; x_wconf 91' lang='lat' dir='ltr'><strong>editum</strong></span> <span class='ocrx_word' id='word_1_406' title='bbox 705 4103 887 4182; x_wconf 82' lang='lat' dir='ltr'><strong>ignoramus,</strong></span> <span class='ocrx_word' id='word_1_407' title='bbox 910 4099 940 4160; x_wconf 90' lang='lat' dir='ltr'><strong>in</strong></span> <span class='ocrx_word' id='word_1_408' title='bbox 962 4116 1045 4159; x_wconf 85' lang='lat' dir='ltr'><strong>sacra</strong></span> <span class='ocrx_word' id='word_1_409' title='bbox 1066 4095 1120 4168; x_wconf 87' lang='lat' dir='ltr'><strong>ria,</strong></span> <span class='ocrx_word' id='word_1_410' title='bbox 1142 4109 1229 4174; x_wconf 66' lang='lat' dir='ltr'><strong>mam</strong></span> <span class='ocrx_word' id='word_1_411' title='bbox 1251 4099 1376 4172; x_wconf 90' lang='lat' dir='ltr'><strong>propter</strong></span> <span class='ocrx_word' id='word_1_412' title='bbox 1396 4107 1508 4152; x_wconf 86' lang='lat' dir='ltr'><strong>merces</strong></span> <span class='ocrx_word' id='word_1_413' title='bbox 1530 4091 1571 4152; x_wconf 91' lang='lat' dir='ltr'><strong>ibi</strong></span> <span class='ocrx_word' id='word_1_414' title='bbox 1592 4091 1704 4177; x_wconf 69' lang='lat' dir='ltr'><strong>uenales</strong></span> <span class='ocrx_word' id='word_1_415' title='bbox 1726 4092 1928 4172; x_wconf 62' lang='lat' dir='ltr'><strong>frequentissi.</strong></span> 
     </span>
     <span class='ocr_line' id='line_1_34' title="bbox 315 4189 1930 4288; baseline -0.014 -12"><span class='ocrx_word' id='word_1_416' title='bbox 315 4233 393 4277; x_wconf 93' lang='lat' dir='ltr'><strong>mam</strong></span> <span class='ocrx_word' id='word_1_417' title='bbox 414 4212 504 4273; x_wconf 88' lang='lat' dir='ltr'><strong>luisse</strong></span> <span class='ocrx_word' id='word_1_418' title='bbox 525 4229 559 4270; x_wconf 84' lang='lat' dir='ltr'><strong>ex</strong></span> <span class='ocrx_word' id='word_1_419' title='bbox 579 4207 716 4288; x_wconf 86' lang='lat' dir='ltr'><strong>Propert.</strong></span> <span class='ocrx_word' id='word_1_420' title='bbox 738 4203 775 4278; x_wconf 94' lang='lat' dir='ltr'><strong>ll,</strong></span> <span class='ocrx_word' id='word_1_421' title='bbox 797 4199 849 4272; x_wconf 73' lang='lat'><strong>2⁴,</strong></span> <span class='ocrx_word' id='word_1_422' title='bbox 874 4195 924 4261; x_wconf 83' lang='grc'><strong>14.</strong></span> <span class='ocrx_word' id='word_1_423' title='bbox 947 4198 1006 4261; x_wconf 85' lang='lat' dir='ltr'><strong>sive</strong></span> <span class='ocrx_word' id='word_1_424' title='bbox 1030 4192 1088 4270; x_wconf 75' lang='lat'><strong>18,</strong></span> <span class='ocrx_word' id='word_1_425' title='bbox 1110 4189 1163 4257; x_wconf 77' lang='lat'><strong>62.</strong></span> <span class='ocrx_word' id='word_1_426' title='bbox 1192 4195 1274 4259; x_wconf 84' lang='grc'><strong>01111.</strong></span> <span class='ocrx_word' id='word_1_427' title='bbox 1304 4197 1406 4258; x_wconf 78' lang='lat' dir='ltr'><strong>unior.</strong></span> <span class='ocrx_word' id='word_1_428' title='bbox 1430 4196 1453 4270; x_wconf 93' lang='lat' dir='ltr'><strong>l,</strong></span> <span class='ocrx_word' id='word_1_429' title='bbox 1477 4191 1513 4270; x_wconf 87' lang='lat'><strong>8,</strong></span> <span class='ocrx_word' id='word_1_430' title='bbox 1538 4189 1608 4258; x_wconf 73' lang='lat' dir='ltr'><strong>iffl.</strong></span> <span class='ocrx_word' id='word_1_431' title='bbox 1630 4195 1664 4259; x_wconf 83' lang='lat' dir='ltr'><strong>n.</strong></span> <span class='ocrx_word' id='word_1_432' title='bbox 1688 4195 1723 4257; x_wconf 79' lang='lat' dir='ltr'><strong>t.</strong></span> <span class='ocrx_word' id='word_1_433' title='bbox 1745 4196 1782 4274; x_wconf 77' lang='grc'><strong>11,</strong></span> <span class='ocrx_word' id='word_1_434' title='bbox 1804 4195 1878 4263; x_wconf 78' lang='grc'><strong>2611,</strong></span> <span class='ocrx_word' id='word_1_435' title='bbox 1899 4209 1930 4266; x_wconf 66' lang='lat' dir='ltr'><strong>et</strong></span> 
     </span>
    </p>
   </div>
   <div class='ocr_carea' id='block_1_6' title="bbox 315 4299 1928 4702">
    <p class='ocr_par' dir='ltr' id='par_1_6' title="bbox 315 4299 1928 4702">
     <span class='ocr_line' id='line_1_35' title="bbox 315 4299 1928 4397; baseline -0.007 -18"><span class='ocrx_word' id='word_1_436' title='bbox 315 4319 413 4397; x_wconf 83' lang='lat' dir='ltr'><strong>Priap.</strong></span> <span class='ocrx_word' id='word_1_437' title='bbox 437 4313 499 4388; x_wconf 93' lang='lat' dir='ltr'><strong>XX,</strong></span> <span class='ocrx_word' id='word_1_438' title='bbox 523 4310 554 4373; x_wconf 84' lang='grc'><strong>4.</strong></span> <span class='ocrx_word' id='word_1_439' title='bbox 576 4313 659 4374; x_wconf 86' lang='lat' dir='ltr'><strong>lacile</strong></span> <span class='ocrx_word' id='word_1_440' title='bbox 680 4307 808 4390; x_wconf 81' lang='lat' dir='ltr'><strong>colligas,</strong></span> <span class='ocrx_word' id='word_1_441' title='bbox 833 4325 866 4365; x_wconf 85' lang='lat' dir='ltr'><strong>ex</strong></span> <span class='ocrx_word' id='word_1_442' title='bbox 889 4303 971 4365; x_wconf 85' lang='lat' dir='ltr'><strong>tectis</strong></span> <span class='ocrx_word' id='word_1_443' title='bbox 992 4319 1097 4380; x_wconf 81' lang='lat' dir='ltr'><strong>magno</strong></span> <span class='ocrx_word' id='word_1_444' title='bbox 1121 4321 1187 4362; x_wconf 91' lang='lat' dir='ltr'><strong>cum</strong></span> <span class='ocrx_word' id='word_1_445' title='bbox 1209 4301 1334 4362; x_wconf 89' lang='lat' dir='ltr'><strong>tumultu</strong></span> <span class='ocrx_word' id='word_1_446' title='bbox 1355 4299 1491 4362; x_wconf 73' lang='lat' dir='ltr'><strong>invasit.“</strong></span> <span class='ocrx_word' id='word_1_447' title='bbox 1535 4299 1647 4373; x_wconf 88' lang='lat' dir='ltr'><strong>Quodsi</strong></span> <span class='ocrx_word' id='word_1_448' title='bbox 1670 4301 1796 4364; x_wconf 88' lang='lat' dir='ltr'><strong>consulis</strong></span> <span class='ocrx_word' id='word_1_449' title='bbox 1816 4303 1928 4368; x_wconf 82' lang='lat' dir='ltr'><strong>utrius·</strong></span> 
     </span>
     <span class='ocr_line' id='line_1_36' title="bbox 316 4402 1928 4503; baseline -0.01 -20"><span class='ocrx_word' id='word_1_450' title='bbox 316 4441 372 4503; x_wconf 87' lang='lat' dir='ltr'><strong>que</strong></span> <span class='ocrx_word' id='word_1_451' title='bbox 393 4429 423 4482; x_wconf 86' lang='lat' dir='ltr'><strong>et</strong></span> <span class='ocrx_word' id='word_1_452' title='bbox 441 4415 583 4479; x_wconf 88' lang='lat' dir='ltr'><strong>candidati</strong></span> <span class='ocrx_word' id='word_1_453' title='bbox 604 4411 745 4494; x_wconf 90' lang='lat' dir='ltr'><strong>praetorii</strong></span> <span class='ocrx_word' id='word_1_454' title='bbox 765 4408 894 4481; x_wconf 89' lang='lat' dir='ltr'><strong>uomina,</strong></span> <span class='ocrx_word' id='word_1_455' title='bbox 918 4424 990 4487; x_wconf 90' lang='lat' dir='ltr'><strong>quoe</strong></span> <span class='ocrx_word' id='word_1_456' title='bbox 1014 4405 1130 4484; x_wconf 87' lang='lat' dir='ltr'><strong>quidem</strong></span> <span class='ocrx_word' id='word_1_457' title='bbox 1153 4425 1270 4480; x_wconf 85' lang='lat' dir='ltr'><strong>onmes,</strong></span> <span class='ocrx_word' id='word_1_458' title='bbox 1295 4404 1392 4478; x_wconf 90' lang='lat' dir='ltr'><strong>credo,</strong></span> <span class='ocrx_word' id='word_1_459' title='bbox 1417 4421 1532 4466; x_wconf 89' lang='lat' dir='ltr'><strong>mecum</strong></span> <span class='ocrx_word' id='word_1_460' title='bbox 1554 4402 1774 4480; x_wconf 87' lang='lat' dir='ltr'><strong>desiderabunt,</strong></span> <span class='ocrx_word' id='word_1_461' title='bbox 1798 4405 1928 4486; x_wconf 84' lang='lat' dir='ltr'><strong>ignorari</strong></span> 
     </span>
     <span class='ocr_line' id='line_1_37' title="bbox 315 4505 1927 4597; baseline -0.009 -11"><span class='ocrx_word' id='word_1_462' title='bbox 315 4523 453 4597; x_wconf 90' lang='lat' dir='ltr'><strong>nolueris,</strong></span> <span class='ocrx_word' id='word_1_463' title='bbox 476 4518 552 4580; x_wconf 83' lang='grc'><strong>11111111</strong></span> <span class='ocrx_word' id='word_1_464' title='bbox 574 4517 635 4578; x_wconf 90' lang='lat' dir='ltr'><strong>scio</strong></span> <span class='ocrx_word' id='word_1_465' title='bbox 658 4535 695 4577; x_wconf 91' lang='lat' dir='ltr'><strong>au</strong></span> <span class='ocrx_word' id='word_1_466' title='bbox 713 4515 743 4576; x_wconf 90' lang='lat' dir='ltr'><strong>in</strong></span> <span class='ocrx_word' id='word_1_467' title='bbox 763 4514 794 4576; x_wconf 89' lang='lat' dir='ltr'><strong>id</strong></span> <span class='ocrx_word' id='word_1_468' title='bbox 815 4507 1005 4574; x_wconf 74' lang='lat' dir='ltr'><strong>annotant</strong></span> <span class='ocrx_word' id='word_1_469' title='bbox 1024 4509 1278 4590; x_wconf 71' lang='lat' dir='ltr'><strong>progrediendum,</strong></span> <span class='ocrx_word' id='word_1_470' title='bbox 1298 4515 1439 4589; x_wconf 86' lang='lat' dir='ltr'><strong>utsupra</strong></span> <span class='ocrx_word' id='word_1_471' title='bbox 1461 4505 1602 4568; x_wconf 82' lang='lat' dir='ltr'><strong>vocabulo</strong></span> <span class='ocrx_word' id='word_1_472' title='bbox 1621 4505 1732 4572; x_wconf 73' lang='lat' dir='ltr'><em>AMBO</em></span> <span class='ocrx_word' id='word_1_473' title='bbox 1753 4517 1783 4570; x_wconf 90' lang='lat' dir='ltr'><strong>et</strong></span> <span class='ocrx_word' id='word_1_474' title='bbox 1799 4525 1927 4590; x_wconf 88' lang='lat' dir='ltr'><strong>praeno-</strong></span> 
     </span>
     <span class='ocr_line' id='line_1_38' title="bbox 317 4609 1928 4702; baseline -0.009 -14"><span class='ocrx_word' id='word_1_475' title='bbox 317 4627 402 4688; x_wconf 90' lang='lat' dir='ltr'><strong>minis</strong></span> <span class='ocrx_word' id='word_1_476' title='bbox 424 4629 510 4686; x_wconf 89' lang='lat' dir='ltr'><strong>notae</strong></span> <span class='ocrx_word' id='word_1_477' title='bbox 535 4619 568 4694; x_wconf 86' lang='lat' dir='ltr'><strong>Q·</strong></span> <span class='ocrx_word' id='word_1_478' title='bbox 593 4617 726 4702; x_wconf 89' lang='lat' dir='ltr'><strong>copulam</strong></span> <span class='ocrx_word' id='word_1_479' title='bbox 749 4615 838 4689; x_wconf 82' lang='lat' dir='ltr'><em>ATQ·</em></span> <span class='ocrx_word' id='word_1_480' title='bbox 860 4613 920 4677; x_wconf 87' lang='lat' dir='ltr'><strong>sivo</strong></span> <span class='ocrx_word' id='word_1_481' title='bbox 943 4623 1029 4695; x_wconf 84' lang='lat' dir='ltr'><strong>otpoe</strong></span> <span class='ocrx_word' id='word_1_482' title='bbox 1054 4611 1179 4686; x_wconf 90' lang='lat' dir='ltr'><strong>librarii,</strong></span> <span class='ocrx_word' id='word_1_483' title='bbox 1203 4619 1235 4674; x_wconf 89' lang='lat' dir='ltr'><strong>ut</strong></span> <span class='ocrx_word' id='word_1_484' title='bbox 1264 4611 1394 4685; x_wconf 87' lang='lat' dir='ltr'><strong>ridetur,</strong></span> <span class='ocrx_word' id='word_1_485' title='bbox 1426 4629 1529 4674; x_wconf 88' lang='lat' dir='ltr'><strong>errore</strong></span> <span class='ocrx_word' id='word_1_486' title='bbox 1557 4618 1617 4672; x_wconf 75' lang='grc'><strong>11111</strong></span> <span class='ocrx_word' id='word_1_487' title='bbox 1641 4609 1763 4691; x_wconf 82' lang='lat' dir='ltr'><strong>proclivi</strong></span> <span class='ocrx_word' id='word_1_488' title='bbox 1788 4611 1928 4674; x_wconf 87' lang='lat' dir='ltr'><strong>omissam</strong></span> 
     </span>
    </p>
   </div>
   <div class='ocr_carea' id='block_1_7' title="bbox 315 4705 1925 4814">
    <p class='ocr_par' dir='ltr' id='par_1_7' title="bbox 315 4705 1925 4814">
     <span class='ocr_line' id='line_1_39' title="bbox 315 4705 1925 4814; baseline -0.011 -21"><span class='ocrx_word' id='word_1_489' title='bbox 315 4732 494 4814; x_wconf 84' lang='lat' dir='ltr'><strong>interponas,</strong></span> <span class='ocrx_word' id='word_1_490' title='bbox 517 4746 553 4794; x_wconf 83' lang='lat' dir='ltr'><strong>ao</strong></span> <span class='ocrx_word' id='word_1_491' title='bbox 574 4725 612 4790; x_wconf 90' lang='lat' dir='ltr'><strong>ltl.</strong></span> <span class='ocrx_word' id='word_1_492' title='bbox 640 4721 808 4786; x_wconf 87' lang='lat' dir='ltr'><strong>Terentium</strong></span> <span class='ocrx_word' id='word_1_493' title='bbox 830 4705 992 4781; x_wconf 77' lang='lat' dir='ltr'><strong>Varronem</strong></span> <span class='ocrx_word' id='word_1_494' title='bbox 1015 4724 1042 4777; x_wconf 89' lang='lat' dir='ltr'><strong>et</strong></span> <span class='ocrx_word' id='word_1_495' title='bbox 1065 4715 1096 4782; x_wconf 84' lang='lat' dir='ltr'><strong>C.</strong></span> <span class='ocrx_word' id='word_1_496' title='bbox 1121 4717 1252 4778; x_wconf 87' lang='lat' dir='ltr'><strong>Cassium</strong></span> <span class='ocrx_word' id='word_1_497' title='bbox 1280 4715 1407 4790; x_wconf 79' lang='lat' dir='ltr'><strong>Varum,</strong></span> <span class='ocrx_word' id='word_1_498' title='bbox 1436 4733 1510 4794; x_wconf 87' lang='lat' dir='ltr'><strong>quos</strong></span> <span class='ocrx_word' id='word_1_499' title='bbox 1538 4733 1565 4776; x_wconf 90' lang='lat' dir='ltr'><strong>a.</strong></span> <span class='ocrx_word' id='word_1_500' title='bbox 1589 4709 1714 4778; x_wconf 76' lang='grc'><strong>11681.</strong></span> <span class='ocrx_word' id='word_1_501' title='bbox 1737 4715 1796 4777; x_wconf 88' lang='lat' dir='ltr'><strong>siro</strong></span> <span class='ocrx_word' id='word_1_502' title='bbox 1825 4709 1876 4776; x_wconf 78' lang='lat'><strong>7³.</strong></span> <span class='ocrx_word' id='word_1_503' title='bbox 1899 4734 1925 4778; x_wconf 92' lang='lat' dir='ltr'><strong>a.</strong></span> 
     </span>
    </p>
   </div>
   <div class='ocr_carea' id='block_1_8' title="bbox 318 4815 1930 4990">
    <p class='ocr_par' dir='ltr' id='par_1_8' title="bbox 318 4815 1930 4990">
     <span class='ocr_line' id='line_1_40' title="bbox 318 4815 1930 4904; baseline -0.006 -10"><span class='ocrx_word' id='word_1_504' title='bbox 318 4835 386 4898; x_wconf 81' lang='lat' dir='ltr'><strong>nm.</strong></span> <span class='ocrx_word' id='word_1_505' title='bbox 416 4832 552 4902; x_wconf 76' lang='lat' dir='ltr'><strong>consides</strong></span> <span class='ocrx_word' id='word_1_506' title='bbox 578 4831 671 4898; x_wconf 79' lang='lat' dir='ltr'><strong>laissa</strong></span> <span class='ocrx_word' id='word_1_507' title='bbox 696 4833 826 4902; x_wconf 85' lang='lat' dir='ltr'><strong>constat,</strong></span> <span class='ocrx_word' id='word_1_508' title='bbox 856 4823 976 4889; x_wconf 81' lang='lat' dir='ltr'><strong>olivio</strong></span> <span class='ocrx_word' id='word_1_509' title='bbox 1005 4821 1176 4904; x_wconf 73' lang='lat' dir='ltr'><strong>significari,</strong></span> <span class='ocrx_word' id='word_1_510' title='bbox 1198 4817 1354 4900; x_wconf 88' lang='lat' dir='ltr'><strong>ipsumque</strong></span> <span class='ocrx_word' id='word_1_511' title='bbox 1375 4815 1537 4895; x_wconf 86' lang='lat' dir='ltr'><strong>dletellum,</strong></span> <span class='ocrx_word' id='word_1_512' title='bbox 1564 4839 1651 4900; x_wconf 87' lang='lat' dir='ltr'><strong>quem</strong></span> <span class='ocrx_word' id='word_1_513' title='bbox 1673 4837 1748 4882; x_wconf 91' lang='lat' dir='ltr'><strong>anno</strong></span> <span class='ocrx_word' id='word_1_514' title='bbox 1767 4815 1930 4902; x_wconf 80' lang='lat' dir='ltr'><strong>insequemi</strong></span> 
     </span>
     <span class='ocr_line' id='line_1_41' title="bbox 1744 4924 1766 4990; baseline 0 0"><span class='ocrx_word' id='word_1_515' title='bbox 1744 4924 1766 4990; x_wconf 87' lang='grc'><strong>4</strong></span> 
     </span>
    </p>
   </div>
   <div class='ocr_carea' id='block_1_9' title="bbox 0 0 2412 5970">
    <p class='ocr_par' dir='ltr' id='par_1_9' title="bbox 0 0 2412 5970">
     <span class='ocr_line' id='line_1_42' title="bbox 0 0 2412 5970; baseline 0 7"><span class='ocrx_word' id='word_1_516' title='bbox 0 0 2412 5970; x_wconf 95' lang='lat' dir='ltr'><strong> </strong></span> 
     </span>
    </p>
   </div>
  </div>
 </body>
</html>
