4814 5970
501 828 732 924 mecedeutia
751 851 795 896 ne
814 827 867 896 Iris
889 827 1025 923 quidese
1043 825 1252 912 recurrisset,
1272 825 1380 894 aIiuuo
1402 829 1476 896 locu
1497 830 1677 898 insaruiaae
1698 829 1840 900 ridetur.
1862 865 1902 892 -κ
1927 833 2058 919 Vereri,
2077 854 2123 904 aa

501 949 599 1006 nocte
622 937 737 1016 abeat,
774 933 966 1023 sequendus
995 933 1137 999 marimo
1166 932 1279 999 Iabore
1307 953 1348 998 ac
1376 929 1525 1022 perionis
1556 931 1592 998 iu
1620 932 1738 1002 intima
1759 933 2004 1024 'IlaceduaiaeJ
2033 939 2121 1006 Cud.

501 1043 642 1132 primum
664 1039 804 1116 undeet,
828 1037 949 1104 deinde
970 1040 1130 1120 misse,
1152 1035 1296 1126 denique
1315 1038 1531 1104 medemur
1552 1039 1607 1104 sit.
1654 1041 1768 1128 Atque
1797 1041 1862 1106 buc
1884 1041 2008 1130 ipsa,
2030 1039 2124 1131 quud

502 1145 619 1212 ultimo
642 1145 716 1211 loco
737 1141 856 1231 posui,
880 1141 1008 1226 effecit,
1032 1154 1067 1206 ut
1093 1141 1333 1230 perspicerem,
1363 1149 1468 1208 tutum
1489 1139 1617 1226 Ieoum,
1646 1141 1807 1231 pertint·
1834 1146 1867 1211 si
1887 1145 2028 1228 ianm,
2057 1145 2122 1214 aaa

502 1250 601 1316 modo
624 1247 659 1312 in
683 1247 848 1334 integrum
870 1267 945 1310 ease
967 1244 1224 1310 restituendumr
1251 1267 1306 1325 ne,
1325 1246 1357 1310 si
1377 1256 1475 1312 ecocte
1495 1250 1821 1341 ubeut‚.sepueudau
1841 1251 1988 1314 necuim
2005 1248 2122 1315 Iubere

502 1377 543 1418 uc
563 1350 711 1440 periculo
734 1351 770 1414 iu
791 1349 910 1414 intimo
926 1346 1150 1412 Macedoniae
1171 1347 1227 1412 sit.
1243 1345 1318 1412 Bc.
1351 1346 1534 1416 Bekbernm
1558 1349 1591 1415 in
1616 1352 1752 1438 vulgatu
1769 1351 1978 1440 acquievisse
1999 1350 2121 1436 mirurs

503 1456 695 1546 praesertim
717 1477 819 1542 quum
847 1451 931 1516 iufra
955 1474 1030 1540 cap.
1055 1450 1109 1518 37.
1133 1451 1252 1518 consul
1283 1450 1412 1521 dicatur
1438 1454 1547 1521 Iocuur
1569 1456 1699 1522 dedisse
1720 1457 1825 1540 nasu,
1851 1460 1885 1522 si
1909 1465 2006 1524 nocte
2026 1459 2123 1523 cibe

502 1563 621 1643 uellet,
645 1559 701 1626 ubi
728 1559 830 1626 bostis
850 1567 948 1626 nocte
976 1555 1009 1622 iu
1034 1557 1148 1640 codice
1169 1556 1311 1644 legitur,
1335 1567 1368 1620 et
1394 1579 1466 1645 cap.
1490 1555 1543 1622 ³9.
1567 1559 1707 1624 basciu
1734 1559 1882 1626 consulis
1905 1560 2052 1626 oratioue
2073 1579 2122 1626 re·

504 1670 690 1757 periantur=
725 1662 817 1752 Quid
838 1663 869 1726 si
889 1660 994 1726 bostis
1014 1660 1078 1726 leuc
1102 1663 1299 1748 interpositu
1318 1672 1415 1726 nocte
1439 1661 1583 1744 obisset,
1615 1674 1776 1751 qnonuenr
1807 1687 1928 1731 rursus
1953 1667 2122 1754 sespreada

503 1796 542 1837 eo
562 1770 696 1858 penitus
718 1768 754 1832 in
775 1765 926 1832 ultionum
947 1764 1188 1830 Macedonium
1217 1763 1487 1830 exironriendnm
1518 1764 1644 1832 inbonis
1676 1767 1772 1832 erut?
1801 1803 1843 1818 -
1873 1765 2121 1857 exercitusque]

503 1872 588 1938 Cod.
613 1893 785 1962 aesosque.
833 1865 883 1932 Ex
907 1867 948 1932 iis
974 1867 1076 1948 enim,
1100 1891 1185 1956 quse
1207 1868 1304 1932 ruodo
1327 1867 1493 1947 diximus,
1527 1866 1669 1934 Bebkcri
1692 1871 1939 1937 annotationem
1968 1871 2046 1938 buic
2068 1895 2122 1936 ro·

503 1972 619 2042 cabulo
642 1971 843 2037 subiecturus
870 1973 1136 2063 „exercitusque
1160 1972 1351 2058 Grynacuss
1377 1970 1405 2035 L
1425 1974 1470 2037 sit
1491 1973 1695 2066 cesosque.“
1725 1972 1769 2036 ita
1797 1972 2024 2060 corrigendam
2048 1995 2122 2040 esse

503 2087 654 2168 apparet,
678 2086 714 2141 ut
736 2073 871 2139 verbnm
893 2077 939 2138 sit
960 2073 1119 2138 delectur.
1164 2073 1231 2138 I’ro
1254 2075 1491 2168 exercitusque
1514 2085 1641 2158 antem,
1665 2075 1754 2162 quod
1780 2099 1798 2140 a
1821 2087 1975 2164 corrupta
1997 2075 2120 2144 eodIcis

504 2182 665 2270 scripturn
689 2178 806 2242 mirum
829 2187 986 2264 quantum
1010 2175 1195 2263 discrepat,
1220 2175 1295 2240 coII.
1321 2174 1440 2260 XXII,
1464 2175 1518 2242 56.
1539 2179 1582 2242 L.
1606 2178 1787 2244 Aemilium
1809 2179 1977 2246 cousulens
1997 2183 2122 2248 exerci-

504 2299 639 2379 tumque
664 2305 819 2364 caesum,
843 2301 884 2344 ex
907 2277 1093 2344 coniectura
1118 2303 1321 2370 caesusque,
1343 2279 1378 2346 id
1400 2294 1451 2348 est
1472 2308 1594 2373 moqna
1617 2283 1714 2350 clude
1733 2284 1871 2372 pulsus,
1895 2285 2122 2374 reponendum

504 2389 631 2458 censui
658 2387 733 2454 BC.
778 2384 1079 2453 Weissenbornins
1101 2396 1215 2450 contra
1239 2384 1347 2452 Lectt.
1370 2385 1446 2452 Liv.
1471 2387 1563 2453 Part.
1588 2387 1614 2450 Ι.
1638 2411 1672 2475 p.
1688 2387 1742 2452 25.
1767 2388 1806 2451 dc
1829 2389 1889 2453 bac
1913 2389 2120 2455 coniecturas

505 2493 691 2580 „Alienum
714 2500 780 2573 est,
800 2489 924 2578 inquit,
948 2489 1037 2580 qnod
1061 2488 1206 2576 reecpit:
1229 2513 1420 2574 coecusque.
1464 2489 1548 2556 Nam
1572 2515 1648 2556 cunr
1670 2487 1785 2580 Scipio
1806 2490 1930 2575 timeat,
1954 2514 1995 2556 ne
2016 2487 2122 2556 bustis

504 2619 650 2688 pugnam
675 2595 788 2679 evitet,
810 2593 840 2660 si
863 2617 980 2660 coesus
1002 2591 1101 2679 Iegis,
1122 2591 1210 2678 fugit
1233 2590 1296 2658 inm
1320 2592 1494 2660 commissa
1517 2617 1639 2682 pugna.
1685 2593 1723 2658 Iu
1747 2604 1889 2658 ruentem
1911 2595 1991 2659 mibi
2015 2593 2123 2660 venIe·

504 2701 560 2766 but
582 2698 760 2766 illaesus.“
806 2696 846 2762 Id
868 2695 977 2786 ipsum
998 2717 1062 2782 ego
1087 2717 1240 2784 quoqne,
1269 2695 1302 2760 id
1335 2696 1426 2786 qnod
1448 2697 1574 2763 inrutus
1604 2697 1746 2778 affirmo,
1778 2696 1811 2760 iu
1834 2695 2018 2762 adversaria
2037 2708 2124 2762 retu·

503 2804 626 2886 Ieram,
662 2801 720 2867 sed
751 2813 863 2889 postca
887 2823 1095 2887 spreveram,
1128 2823 1230 2888 quum
1259 2801 1394 2868 verbum
1425 2781 1626 2893 dircunrupi,
1656 2801 1744 2890 quod
1775 2800 1936 2888 seqnitur,
1964 2798 2125 2866 exercitui

505 2931 601 2975 cueso
625 2904 750 2996 potius,
775 2927 871 2992 quarn
895 2901 1009 2969 ilioeso
1032 2902 1208 2968 convenire
1230 2902 1464 2970 existimarem.
1508 2901 1606 2968 Nunc
1629 2913 1751 2981 tamen,
1775 2902 1855 2970 Iieet
1877 2925 2059 2994 caesusque
2080 2902 2123 2968 sd
2163 2951 2173 2969 .

507 3007 632 3076 cladem
655 3008 690 3074 in
711 3005 866 3073 interiore
886 3002 1079 3076 Macedonia
1104 3004 1329 3093 accipiendum
1352 3005 1468 3072 referri
1492 3003 1613 3094 possit,
1634 3003 1915 3073 Weissenboruio
1938 3030 2003 3072 nou
2027 3007 2125 3074 inter·

507 3117 609 3198 cedo,
637 3135 702 3201 qno
726 3111 834 3176 minus
859 3109 1061 3202 iiIuesusque
1084 3109 1262 3191 scribatur,
1296 3131 1396 3196 quum
1420 3108 1522 3196 prima
1553 3107 1651 3172 buius
1676 3107 1826 3172 vocabuli
1847 3107 1972 3193 syllaba
1995 3129 2125 3196 aprae-

506 3215 636 3286 ecdeuti
658 3219 704 3282 sit
725 3213 820 3279 facile
843 3213 990 3300 potuerit
1009 3212 1191 3278 absorberi.
1243 3219 1245 3223 ’

591 3369 675 3458 Cap.
699 3366 886 3434 xxxvlt.
911 3365 1162 3448 detrectatione]
1187 3365 1271 3429 cot.
1289 3366 1505 3448 detractione,
1519 3364 1609 3454 qnod
1634 3363 1802 3430 BeIrIrerus
1825 3364 1859 3430 in
1883 3368 2124 3436 detrectatione

505 3473 654 3542 mutavit.
698 3471 781 3536 Vid.
802 3493 887 3558 quse
909 3470 949 3535 ad
965 3466 1078 3551 XLII,
1093 3469 1147 3535 22.
1170 3469 1335 3534 annotari.
1355 3503 1396 3518 -
1413 3489 1501 3534 nnnc
1525 3478 1717 3534 senescente
1742 3467 1862 3555 exiguo
1886 3471 2003 3557 corno]
2021 3471 2124 3538 Recte

506 3575 714 3643 Ftorctettus
737 3586 770 3639 ct
792 3573 982 3638 Gronovius
1005 3571 1149 3638 scribere
1170 3571 1354 3637 meluerunt
1375 3583 1612 3654 senescentem,
1634 3569 1669 3638 id
1698 3583 1749 3638 est
1771 3574 2025 3640 decrescentem.
2047 3574 2123 3642 ΒΟ.

505 3681 550 3746 Β.
595 3679 701 3742 Varro
722 3677 763 3742 de
779 3675 819 3740 u.
839 3675 882 3740 u.
910 3675 937 3757 I,
963 3673 1016 3740 37.
1042 3674 1218 3764 Quaedam
1237 3673 1401 3762 faciundo
1419 3679 1455 3740 in
1477 3677 1569 3766 apris
1582 3677 1694 3763 potins
1716 3685 1886 3742 crescente
1908 3678 2003 3761 inrue,
2023 3701 2126 3772 quoru

506 3791 706 3849 senescente.
753 3779 843 3844 Ptin.
868 3777 959 3843 Iiist.
983 3775 1061 3843 Nat.
1088 3777 1133 3864 II,
1157 3779 1190 3846 9.
1221 3780 1300 3845 qua
1330 3801 1481 3844 cresceres
1504 3801 1645 3868 semper,
1676 3789 1736 3844 out
1763 3803 1947 3848 senescens.
1972 3783 2125 3848 -edita

505 3887 584 3951 bora
605 3887 682 3950 Inna
705 3904 807 3972 quoru
828 3881 1019 3967 deiecisset]
1044 3881 1129 3948 Cod.
1152 3885 1240 3950 editu
1261 3883 1341 3948 inne
1362 3883 1446 3948 born
1468 3907 1541 3950 cum
1564 3881 1751 3974 defecisset.
1798 3885 1909 3971 Quare
1925 3909 2034 3970 nuce,
2057 3909 2126 3952 mu·

505 4000 574 4055 tato
596 3988 768 4056 verborum
792 3985 920 4068 ordine,
942 3985 1085 4051 scribere
1108 3987 1237 4052 maiime
1261 3988 1352 4053 editu
1374 3988 1458 4052 born
1489 4011 1592 4080 quum
1621 3989 1702 4056 Iunc
1725 3990 1909 4079 defecisset.
1955 3989 2126 4060 Librarius

507 4089 822 4158 enimverbeboru
846 4090 1083 4178 cumprimum
1109 4087 1232 4170 omisit,
1257 4089 1377 4156 deinde
1406 4091 1566 4157 vocabqu
1598 4093 1679 4157 Iustu
1707 4094 1908 4181 postposuit.
1944 4129 1981 4146 ·-
2013 4109 2126 4164 tantus

506 4195 637 4282 utrique
660 4195 756 4258 ardor
777 4193 936 4258 exercitui
957 4227 1002 4242 -··
1024 4225 1063 4241 -·
1087 4191 1269 4258 discessum
1293 4205 1394 4277 essct,
1418 4185 1625 4286 accusarent]
1651 4195 1741 4262 IIaee
1765 4197 1864 4262 rerba
1887 4212 2019 4268 auctore
2043 4200 2125 4270 Dra·

506 4296 708 4364 benborcbio
729 4295 855 4364 medice
878 4295 1018 4362 orationi
1040 4295 1234 4384 interposui.
1253 4295 1328 4364 BG.
1375 4296 1458 4362 Nam
1475 4297 1593 4386 fueret
1611 4299 1651 4365 ad
1675 4323 1712 4364 ec
1734 4301 1941 4370 referendum
1963 4315 2027 4392 est,
2041 4329 2126 4396 qnae

508 4426 581 4493 esp.
604 4401 656 4468 36.
681 4401 849 4490 leguntur.
894 4399 1081 4485 Praeterea,
1106 4399 1315 4490 transpositis
1338 4401 1520 4484 vocabulis,
1546 4413 1659 4470 tentus
1680 4407 1816 4500 utrique
1838 4413 2003 4476 exercitui
2022 4413 2129 4480 urdot·

508 4510 554 4574 ud
573 4507 840 4572 concurrendum
860 4503 989 4593 fueret,
1008 4501 1151 4569 scribere
1174 4505 1296 4570 malim.

591 4677 675 4763 Gap·
706 4671 910 4742 XXXVIII.
942 4697 983 4740 ex
1010 4674 1163 4742 omuibus
1192 4677 1293 4762 uuna]
1324 4675 1409 4744 God.
1439 4689 1472 4744 et
1500 4677 1602 4746 Frob.
1637 4680 1668 4746 t.
1700 4681 1853 4750 omnibus
1878 4707 1921 4750 es
1941 4707 2042 4752 ursas.
2087 4686 2129 4754 Ia

509 4785 610 4856 Fcob.
632 4782 665 4848 2.
698 4780 782 4847 nibil
809 4791 981 4848 mutatam.
1027 4780 1318 4848 Drakenborcbius
1348 4793 1446 4849 tacet.
1493 4783 1672 4872 vulgatum
1700 4784 1767 4852 ian
1797 4785 1831 4850 iu
1861 4785 1915 4852 ed·
1940 4788 2126 4856 amedeo.
