4814 5970
1877 655 1924 730 21

313 841 478 904 meltum
498 843 535 902 in
553 837 679 901 Italiam
697 837 826 902 66166661.
868 835 943 900 Nam
963 835 1086 900 vohun
1104 849 1226 912 perpere
1246 847 1305 892 non
1327 827 1497 909 slmpliru‘ter
1517 829 1556 891 ite
1576 831 1706 912 ponitur,
1738 840 1771 894 nt
1790 831 1830 892 sit
1848 830 1927 894 idem

313 937 395 1017 quod
418 937 581 1012 discedme,
603 937 654 1000 red
681 957 698 1000 a
718 939 829 1002 Latinis
851 939 959 1020 nilque
989 940 1026 1002 ad
1044 939 1168 1009 Ioum·
1181 936 1212 998 in
1233 947 1320 1014 611661
1348 933 1413 1014 quis
1439 936 1594 1010 contendit,
1617 936 1661 996 rel
1683 936 1719 998 ad
1741 955 1814 1010 rem,
1838 954 1926 1018 quam

313 1043 383 1124 quis¹
400 1041 528 1115 molitur,
552 1042 656 1104 relerri
679 1043 762 1117 solet,
783 1043 824 1106 ita
845 1044 972 1124 quidem,
994 1051 1027 1104 ut
1047 1041 1104 1102 loci
1128 1048 1158 1102 et
1177 1037 1220 1100 rei
1241 1036 1412 1116 significatio
1433 1037 1477 1098 rel
1500 1039 1665 1109 omittatur,
1690 1037 1734 1100 sel
1764 1036 1926 1100 adiicietur.

309 1144 408 1208 Peuce
427 1143 530 1206 saltem
551 1145 587 1206 de
607 1147 760 1226 permunitis
780 1167 815 1208 ac
834 1167 926 1228 paene
947 1145 1108 1209 innumeris
1136 1141 1288 1220 adiungam
1314 1141 1444 1220 exempla
1471 1161 1505 1204 61
1523 1141 1596 1205 Livii
1622 1141 1703 1204 libris
1730 1143 1835 1223 petita:
1863 1141 1933 1222 111.Ι

310 1246 373 1320 VII,
398 1243 449 1307 31.
468 1265 557 1327 perqe
577 1247 646 1311 bine
668 1255 751 1312 omui
772 1249 848 1314 liber
869 1259 960 1322 61616,
982 1253 1011 1310 61
1030 1247 1066 1322 Χ,
1086 1243 1136 1306 33.
1158 1245 1226 1306 iude
1245 1261 1367 1323 perpere
1390 1263 1425 1306 oc
1444 1250 1592 1326 persequi,
1621 1250 1693 1328 quio
1719 1247 1840 1310 turbida
1869 1246 1927 1308 luo

311 1362 424 1414 metum
444 1353 526 1414 circa
546 1353 731 1416 insidiarum
748 1355 890 1435 faciebat,
911 1373 974 1416 uon
995 1357 1079 1425 ausi;
1102 1345 1205 1423 111,6.
1232 1351 1329 1429 perqit
1354 1349 1423 1412 inde
1443 1350 1572 1428 Infestus
1591 1354 1625 1412 in
1655 1369 1745 1430 apros
1766 1350 1927 1424 llomauos,

312 1471 377 1533 666.
399 1449 451 1516 16.
470 1473 592 1534 perpere
613 1456 682 1516 inde
703 1468 786 1518 recta
807 1458 848 1518 ad
865 1467 1000 1537 portam,
1019 1455 1125 1534 quibus
1147 1451 1244 1534 paullo
1271 1459 1341 1531 post
1363 1451 1435 1514 haee
1455 1452 1663 1516 subiciuntur:
1693 1454 1772 1518 Iussi
1788 1465 1927 1536 perpuri,

312 1560 468 1638 citan'sque
490 1561 572 1639 equis
592 1563 733 1622 rruun'um
757 1560 796 1621 ad
813 1571 933 1640 patrem
950 1561 1118 1640 perferunt,
1141 1557 1201 1632 VII,
1227 1555 1276 1619 13.
1300 1558 1339 1620 ad
1361 1555 1496 1619 tribunal
1513 1562 1621 1637 perpit,
1635 1557 1671 1630 X,
1691 1555 1743 1618 25.
1764 1559 1804 1622 ad
1826 1569 1927 1622 eastra

311 1663 400 1746 Appii
425 1668 579 1744 praetoris
603 1669 710 1746 perpit,
734 1665 862 1740 XXVIII,
896 1662 926 1728 2.
956 1670 990 1726 in
1020 1665 1159 1728 ultimam
1186 1663 1365 1743 Hispaniam
1398 1661 1540 1724 aduersus
1568 1659 1789 1724 Hasdrubalem
1819 1665 1928 1742 perpit,

310 1767 414 1842 XXXI,
437 1765 488 1829 26.
512 1781 683 1849 camparte
704 1773 765 1851 ipse
787 1769 944 1832 Piraeeum
962 1773 1070 1850 perpet,
1091 1774 1119 1826 et
1141 1763 1239 1838 XLIV,
1262 1761 1293 1826 2.
1312 1783 1433 1845 perqere
1454 1763 1575 1825 inde-in
1598 1762 1822 1838 Macedoniam
1841 1771 1928 1842 abque

311 1874 416 1938 additis
443 1873 540 1935 verbis
568 1873 702 1936 infinitis:
733 1873 756 1948 l,
789 1869 838 1934 37.
861 1878 960 1954 perqit
984 1889 1079 1952 porro
1108 1873 1142 1931 in
1171 1885 1277 1946 aprum
1299 1853 1445 1932 Sabinum
1464 1871 1629 1931 eaern'tum
1650 1867 1799 1940 inducere,
1822 1863 1926 1938 111,2.

307 1991 436 2062 perqunt
457 1991 585 2060 repetere
605 1983 696 2051 viam,
718 1977 794 2048 XXI,
814 1973 865 2039 22.
879 1987 1014 2057 perperat
1028 1993 1122 2055 porro
1144 1978 1200 2047 ire,
1219 1973 1322 2046 XXIX,
1337 1968 1387 2032 32.
1408 1975 1506 2054 perqit
1524 1976 1571 2033 ire
1593 1972 1633 2033 ad
1651 1991 1775 2052 requam
1793 1981 1928 2052 repeten-

311 2087 393 2159 dum,
414 2083 543 2158 XXXIII,
571 2081 597 2146 l.
615 2086 714 2164 perqit
734 2086 780 2144 ire
803 2083 842 2144 ad
864 2083 977 2154 urbem,
999 2077 1125 2150 XXXVI,
1149 2075 1200 2140 12.
1224 2081 1323 2159 perqit
1348 2081 1491 2157 protinus
1513 2080 1658 2156 nauiqare
1682 2075 1927 2156 Peloponnesum,

309 2187 463 2262 XXXVIII,
491 2185 540 2247 12.
563 2187 642 2266 qnod
662 2204 741 2246 nunc
763 2187 862 2248 ordiri
881 2203 1014 2267 perqom,
1034 2192 1064 2244 et
1086 2201 1150 2262 cap.
1170 2177 1222 2243 20.
1244 2182 1401 2260 trisan'om
1422 2185 1588 2242 enercitum
1610 2181 1740 2242 diuisum
1762 2179 1928 2244 1166616611

309 2293 422 2358 bostem
439 2292 545 2372 perpit.
588 2287 743 2350 Praeterea
764 2289 952 2368 magistratus
972 2287 1106 2363 Romani,
1130 2289 1159 2352 id
1181 2287 1261 2367 quod
1282 2287 1360 2350 haud
1380 2305 1502 2367 parvum
1526 2286 1656 2359 adrem,
1685 2287 1721 2348 dc
1743 2305 1800 2366 qua
1820 2286 1925 2367 agitur,

311 2392 561 2474 comprobandam
581 2397 761 2454 momentum
781 2391 877 2466 habet,
902 2411 937 2452 ex
959 2391 1118 2471 provinciis
1138 2411 1232 2472 neque
1251 2411 1388 2473 perpere,
1410 2409 1504 2472 neque
1532 2391 1693 2463 discedere,
1722 2390 1774 2452 sed
1803 2389 1927 2469 proprio

309 2495 452 2561 vocabulo
475 2495 608 2557 decedere
630 2497 808 2559 dicebantur.
853 2497 939 2570 Quod
961 2514 1051 2574 quum
1073 2495 1131 2555 iam
1152 2493 1281 2556 Klotaius
1303 2497 1338 2556 ad
1361 2495 1419 2556 Cic.
1442 2495 1523 2574 Disp.
1548 2495 1636 2556 Tusc.
1659 2495 1695 2567 II,
1718 2491 1770 2559 26.
1802 2493 1928 2556 IIrltaius

311 2603 348 2666 ad
378 2599 493 2662 Sallust.
519 2599 581 2680 lug.
612 2619 674 2680 cap.
702 2596 753 2674 20,
780 2598 806 2660 l.
831 2609 917 2680 atque
937 2600 1024 2662 Fabri
1045 2581 1084 2660 ad
1100 2599 1163 2659 Lis.
1186 2600 1288 2675 XXIII,
1312 2597 1363 2674 31,
1388 2597 1437 2662 10.
1461 2609 1490 2662 61
1511 2601 1546 2661 ad
1566 2599 1681 2662 Sallust.
1705 2600 1767 2680 lug.
1791 2618 1855 2680 cap.
1875 2593 1926 2671 36,

310 2704 341 2770 1.
372 2707 442 2769 satis
472 2706 735 2786 comprobaverint,
765 2707 856 2770 multo
887 2705 1075 2786 paucioribus
1106 2713 1172 2766 utar
1199 2703 1348 2784 encmplis.
1380 2703 1442 2766 Lis.
1466 2701 1592 2778 XXVIII,
1615 2699 1667 2766 211.
1696 2705 1835 2765 decedam
1856 2723 1929 2766 con-

310 2815 392 2896 {ecto
410 2814 570 2892 pravr'ncia
590 2815 766 2890 Imperator,
790 2829 853 2890 cap.
877 2805 928 2870 32.
944 2813 1124 2892 priusquam
1141 2815 1301 2893 provr'ncia
1323 2812 1452 2886 decedat,
1471 2809 1573 2885 XXIX,
1590 2807 1693 2872 20.61
1711 2829 1779 2872 eum
1801 2810 1835 2872 de
1851 2827 1927 2890 pro-

311 2919 413 2979 uincia
426 2913 570 2976 decedere
589 2913 737 2984 iuberent,
758 2909 911 2986 XXXVIII,
935 2907 985 2972 12.
1009 2911 1160 2976 Manlium
1181 2913 1381 2996 Fuluiumque
1404 2914 1537 2976 decedere
1559 2915 1594 2976 de
1608 2917 1784 2996 prom'nciis,
1797 2911 1926 2980 XXXIX.

312 3017 342 3080 3.
368 3019 503 3080 decedere
520 3018 680 3096 prouincia
697 3025 824 3094 praetor
845 3017 954 3086 iussus,
976 3013 1036 3088 XL,
1064 3012 1111 3076 16.
1135 3021 1188 3098 qui
1208 3035 1247 3078 en
1267 3039 1303 3080 ea
1321 3021 1482 3099 provincio
1504 3017 1676 3092 decesserat,
1702 3015 1777 3092 XLI,
1809 3013 1859 3078 10.
1889 3015 1929 3079 ad

311 3131 479 3182 entremum
502 3129 661 3196 utrumque
683 3117 819 3179 decedere
833 3121 994 3197 prouincia
1015 3120 1113 3194 iussit,
1134 3139 1198 3200 cap.
1222 3117 1270 3184 17.
1293 3126 1406 3202 ipsique
1428 3122 1576 3185 decedenti
1601 3123 1635 3184 de
1653 3126 1813 3204 prouincia
1839 3139 1928 3184 eaer-

310 3219 833 3300 611661666616661666166161,
863 3227 892 3282 et
911 3220 997 3295 XLII,
1018 3217 1049 3281 8.
1072 3240 1124 3284 nea
1154 3235 1223 3286 ante
1251 3225 1400 3286 consulem
1427 3225 1462 3286 de
1485 3228 1645 3303 prouincia
1674 3223 1818 3298 decedere,
1848 3225 1928 3304 quod

311 3347 346 3390 ax
367 3327 432 3388 cod.
455 3325 580 3386 Vindoh.
610 3327 733 3388 restitui
778 3327 871 3407 Atque
892 3327 964 3389 haec
985 3327 1102 3407 quidem
1125 3325 1161 3387 dc
1182 3323 1267 3386 latina
1289 3325 1497 3388 consuetudine
1518 3327 1587 3388 satis
1610 3327 1684 3388 dicta
1704 3335 1801 3390 sunto.
1845 3327 1928 3390 Nunc

312 3437 411 3502 restat,
429 3437 470 3500 ut,
492 3447 582 3506 quum
595 3428 734 3490 Lentulus
748 3431 872 3509 prImus,
887 3431 943 3491 nisi
957 3430 1094 3500 laIIImur,
1111 3428 1199 3490 1116111
1213 3439 1360 3508 quaestor,
1377 3429 1425 3510 qui
1443 3431 1473 3491 in
1487 3449 1593 3494 novam
1607 3432 1788 3511 provinciam
1801 3431 1927 3512 Cyrenas

312 3531 483 3614 prudentius
505 3550 591 3609 quam
614 3530 650 3592 ab
674 3531 824 3612 indigenis,
838 3551 928 3612 quum
951 3533 1011 3594 suis
1033 3533 1145 3612 legibus
1167 3543 1327 3608 uterentur,
1343 3535 1499 3616 regendam
1521 3535 1692 3609 mitteretur,
1715 3535 1864 3618 quomodo
1881 3535 1929 3598 hic

311 3637 393 3698 locus
414 3634 585 3696 scribendus
607 3634 645 3695 sit
665 3653 699 3694 ac
719 3635 906 3714 supplendus,
929 3633 1056 3695 breviter
1071 3633 1238 3698 doceamus.
1281 3639 1374 3700 Nemo
1396 3646 1502 3714 autem,
1519 3648 1551 3702 ιι1
1573 3639 1690 3720 opinor,
1706 3649 1765 3703 tam
1779 3640 1869 3703 hebes
1884 3647 1928 3702 661

312 3747 341 3802 61
363 3739 495 3811 obtusus,
519 3737 589 3816 quin
609 3738 706 3800 statim
719 3739 885 3817 perspiciat,
905 3739 1082 3817 pronomina
1095 3740 1168 3804 illas
1188 3743 1298 3805 inserto
1313 3752 1341 3804 et
1355 3743 1514 3817 disiunctis,
1530 3763 1603 3824 quae
1618 3743 1752 3806 continua
1768 3743 1927 3822 scriptione

312 3847 465 3908 mniunota
487 3853 563 3918 sunt,
583 3843 740 3918 vocabulis,
764 3845 963 3908 emendatione
988 3845 1072 3907 sicuti
1095 3848 1238 3918 iaciIIma,
1261 3845 1300 3907 ita
1320 3847 1480 3908 serissima
1499 3867 1564 3909 esse
1579 3848 1794 3925 reponendum:
1819 3847 1930 3910 trans
2012 3919 2017 3925 ¹

311 3929 386 4012 PER
401 3947 537 4012 GEN'IIS
552 3947 611 4010 siue
622 3968 679 4029 per
692 3961 800 4030 pentes,
815 3948 844 4010 id
859 3956 903 4011 est
912 3953 992 4011 irater
1003 3961 1109 4029 pentes.
1138 3949 1248 4012 Graece
1260 3939 1322 4010 dud
1337 3944 1379 4010 rol
1392 3943 1474 4032 1066
1488 3951 1604 4013 dixeris.
1633 3951 1682 4012 Sto
1696 3951 1756 4013 Liv.
1773 3949 1859 4025 XLII,
1873 3947 1925 4013 12.

313 4065 368 4117 661
381 4055 501 4133 frustra
517 4053 686 4116 clementiae
703 4056 919 4133 prauitmisque
940 4063 1055 4114 vestrae
1074 4053 1162 4131 fama
1182 4052 1306 4132 oulqoto
1323 4071 1379 4132 per
1398 4063 1496 4130 qeutes
1516 4063 1568 4124 est,
1592 4053 1675 4126 XLV,
1702 4049 1751 4113 12.
1775 4051 1870 4115 Clara
1890 4069 1926 4114 66

309 4173 365 4237 per
375 4155 475 4234 ‘q'entes
488 4153 594 4233 leqatio
609 4157 683 4236 fuit,
700 4155 750 4217 ubi
765 4155 796 4218 in
807 4156 872 4217 cod.
893 4154 1017 4216 Vindob.
1036 4153 1136 4216 itidem
1145 4171 1202 4234 per
1214 4160 1308 4234 peusis
1323 4155 1437 4236 legitur,
1456 4156 1492 4217 dc
1508 4173 1563 4236 qua
1579 4155 1732 4218 accusativi
1746 4156 1842 4219 torma
1856 4156 1923 4220 1111-

173 4337 176 4344 .
312 4259 400 4322 1116111
415 4257 450 4319 ad
466 4257 582 4319 Sallust.
598 4259 658 4321 Cat.
675 4276 739 4337 cap.
759 4257 787 4332 1,
805 4257 837 4354 .¹·
853 4267 881 4322 et
899 4260 1035 4339 Wagneri
1052 4261 1191 4342 Orthogr.
1209 4261 1308 4342 VIrgil.
1323 4283 1353 4343 p.
1371 4260 1443 4324 382.
1460 4283 1525 4344 sqq.
1550 4264 1693 4339 conteras,
1712 4265 1803 4328 Tacit.
1821 4266 1924 4329 Annei.
1962 4241 1966 4248 ⁵

312 4361 376 4437 XII,
398 4357 640 4440 1211661166661
660 4363 827 4426 maioribus
846 4366 909 4426 suis
930 4373 958 4426 et
978 4363 1102 4443 [nullia
1125 4365 1228 4430 Casn'a
1250 4379 1337 4432 ratus
1354 4369 1501 4449 perillus
1523 4389 1637 4451 quoque
1652 4381 1749 4452 pentes
1768 4371 1925 4446 celebrata,

311 4467 390 4541 XIII,
406 4463 457 4526 55.
473 4464 634 4546 aderatque
648 4471 688 4528 iis
709 4465 812 4530 clarus
829 4485 885 4548 per
903 4467 975 4528 illos
994 4481 1095 4548 pentes,
1112 4451 1144 4534 et¹
1155 4476 1242 4538 nobis
1263 4493 1377 4555 quoque
1397 4475 1486 4554 fidus,
1506 4477 1627 4540 nonn'ne
1640 4475 1810 4552 Boiocalus,
1824 4477 1923 4558 virgil.

313 4571 460 4654 666161,
478 4567 551 4634 330.
563 4591 609 4652 sq.
625 4581 655 4635 61
665 4574 810 4636 mortalia
825 4575 916 4638 eorda
929 4574 989 4638 Per
1001 4587 1100 4655 pentes
1113 4577 1236 4642 bumilis
1249 4582 1362 4644 strauit
1378 4597 1487 4660 paoor,
1505 4586 1535 4640 et
1554 4578 1602 4654 IV,
1620 4575 1692 4641 561.
1713 4587 1926 4660 6661661666

311 4677 512 4742 ooienn'ePer
528 4675 657 4758 populas
680 4678 732 4740 dat
753 4682 834 4740 iura.
850 4676 1006 4740 Praetores
1027 4679 1065 4740 cl.
1089 4679 1192 4744 IIandii
1216 4679 1370 4746 Tursellin.
1387 4682 1452 4744 Vol.
1467 4680 1517 4744 IV.
1532 4700 1563 4762 p.
1580 4679 1653 4746 130.
1667 4703 1712 4763 sq.
1730 4683 1872 4746 Xritaium
1887 4683 1925 4746 ad

312 4781 434 4846 Sallust.¹
443 4781 506 4862 lag.
524 4799 590 4861 cap.
606 4776 658 4855 30,
675 4778 737 4842 1.61
751 4780 927 4845 nonomen
940 4781 1009 4844 Lex.
1021 4781 1113 4846 ’11611
1129 4803 1160 4866 p.
1175 4779 1399 4848 aduentante
1413 4786 1517 4850 1111611.
1527 4785 1603 4862 XIII,
1612 4784 1663 4850 51.
1676 4791 1923 4870 papeonnctar.
