4770 5994
491 645 542 716 32

490 803 601 885 batur,
621 799 775 888 firmat.“
809 797 847 863 ln
869 795 984 862 codice
1005 809 1113 862 temen
1135 797 1274 885 βιιιαιιι
1295 809 1330 862 et
1342 799 1458 885 [mat
1476 800 1610 886 iegitur.
1630 835 1671 849 -
1686 799 1821 880 Persen,
1838 819 1940 886 aquo
1961 815 2135 890 accepto,-

393 957 403 965 .
491 901 871 990 ad'tegatosRomanos
894 900 1038 983 venisse,
1062 924 1099 965 ac
1123 925 1233 989 regem
1256 903 1416 967 Persona
1440 905 1564 990 populo
1589 903 1739 970 Romano
1769 901 1993 990 adpellatnm]
2025 905 2110 970 Cod.

491 1031 612 1096 persea
634 1029 744 1096 ‚reparo
777 1014 910 1090 accepto
941 1026 961 1066 a
991 1003 1120 1092 iepatos
1151 1028 1307 1070 romanos
1327 1008 1461 1072 uenisse
1482 1009 1527 1070 ad
1548 1029 1660 1094 repem
1681 1028 1803 1089 perseo
1825 1006 1871 1069 ad
1887 1031 1943 1093 pr.
1966 1008 2113 1095 appelta-

492 1121 572 1176 tum.
617 1107 748 1174 Nomen
769 1108 900 1171 Persea
921 1129 939 1167 a
963 1103 1136 1192 Kopitario
1158 1107 1298 1195 primum
1322 1119 1399 1194 post
1421 1108 1518 1172 rerba
1540 1109 1586 1172 ad
1607 1105 1772 1198 repensio
1795 1107 1921 1173 codicis
1936 1109 2111 1177 collatione

494 1213 667 1294 omissum,
692 1208 811 1274 deinde
834 1207 948 1273 codice
974 1206 1091 1272 iterum
1122 1208 1271 1294 inspecto
1294 1206 1454 1274 additum.
1502 1209 1797 1274 Gronovius-bunc
1815 1209 1923 1274 locum
1939 1211 2017 1275 coil.
2033 1211 2112 1294 XL,

496 1313 550 1377 58.
574 1313 619 1377 ita
641 1311 851 1376 scribendum
873 1309 1019 1374 censuitr
1064 1311 1119 1374 Ac
1140 1314 1274 1394 scimus,
1294 1312 1438 1392 Persea,
1460 1335 1564 1399 repro
1587 1323 1738 1400 accepto,
1761 1312 1886 1398 iepatos
1899 1314 2112 1389 Romanami·

495 1402 592 1496 sisse,
625 1437 666 1478 ac
701 1438 812 1502 sepem
840 1438 861 1476 a
886 1411 1011 1500 populo
1033 1415 1183 1478 Romano
1205 1413 1428 1500 appeliatum:
1451 1415 1618 1495 oredimus,
1643 1415 1768 1502 tepatos
1791 1415 1960 1480 Roraarros
1982 1416 2111 1478 amisse

494 1517 692 1605 adrepens,
717 1524 749 1580 et
771 1515 814 1579 ab
836 1540 873 1580 eo
895 1515 1036 1606 deripere
1057 1526 1226 1602 exceptos.
1272 1515 1363 1578 Haec
1385 1516 1517 1602 recepi3
1547 1516 1593 1579 ita
1616 1527 1737 1597 tamen,
1758 1528 1795 1579 ιιι
1817 1526 1849 1578 et
1882 1539 1937 1579 eos
1969 1519 2111 1606 beaipae

411 1675 426 1690 ,
494 1629 650 1705 exceptos
676 1640 850 1683 servarem.
873 1617 947 1684 BC.
971 1621 1014 1682 B.
1060 1616 1131 1681 seo
1150 1617 1282 1702 provisis
1305 1615 1358 1679 bic
1379 1615 1481 1680 latere
1504 1615 1634 1682 videtur
1655 1616 1763 1700 tricus,
1787 1619 1831 1682 ita
1855 1617 2110 1704 perennandum,

495 1731 533 1783 ut
554 1718 702 1784 scribas:
728 1721 782 1785 Ac
803 1723 939 1802 seimrrs,
961 1721 1103 1802 Persea,
1117 1743 1220 1808 reparo
1244 1729 1390 1804 accepto,
1413 1743 1525 1806 reperta
1544 1743 1564 1782 a
1582 1721 1708 1806 populo
1723 1723 1874 1784 Roraaao
1891 1720 2108 1807 appellatorii

495 1824 663 1904 audimus,
688 1823 814 1912 deputas
837 1823 1152 1887 Romorrosoeaisse
1175 1823 1355 1910 adrepens
1376 1821 1518 1904 Persea,
1549 1835 1582 1886 et
1601 1846 1656 1886 eos
1682 1826 1823 1912 beatique
1852 1833 2018 1910 exceptos.
2053 1821 2110 1896 Lo

493 1925 638 1990 brorium
668 1926 755 1988 enim
785 1923 926 2012 primum
957 1935 1090 2010 accepto
1120 1923 1449 2012 repeterevoluissc‚
1472 1923 1591 1988 deinde
1614 1925 1873 2012 adsequenda:
1898 1925 2024 2015 lepatos
2046 1927 2110 1990 m-

494 2050 610 2092 manos
638 2028 767 2092 omissa
801 2027 847 2089 ad
876 2049 986 2113 repeat
1005 2029 1149 2106 Persea,
1183 2026 1295 2090 nescio
1325 2047 1392 2112 quo
1424 2049 1501 2092 casu
1534 2027 1716 2110 aberrasse,
1739 2051 1779 2091 ex
1801 2027 1927 2094 codicis
1950 2027 2111 2114 scriptura

494 2133 645 2218 colligas.
670 2167 712 2180 -
741 2153 825 2218 quos
855 2153 960 2218 nuper
988 2131 1144 2214 subiecit]
1178 2132 1274 2196 Hand
1306 2131 1395 2212 scio,
1426 2151 1466 2192 an
1497 2152 1557 2216 pro
1583 2133 1733 2210 subiecit,
1765 2129 1799 2192 in
1828 2152 1893 2216 quo
1916 2127 2111 2212 Walcbium

496 2231 684 2301 Emendatt.
711 2232 782 2297 Lir.
805 2255 840 2319 p.
864 2232 939 2296 247.
964 2255 1039 2319 sqq.
1061 2255 1128 2296 non
1153 2233 1331 2298 adcendisse
1351 2234 1464 2315 miror,
1486 2233 1610 2299 rectius
1624 2233 1754 2321 subegit
1768 2234 1941 2298 scribatur.
1986 2231 2043 2296 Sic
2058 2255 2110 2296 su·

496 2358 556 2421 pra
579 2357 651 2422 cap.
674 2331 728 2396 2³.
750 2333 930 2420 Dolopiam
958 2337 1059 2400 armis
1084 2338 1225 2424 srebepit.
1272 2335 1399 2400 Vereor
1428 2332 1537 2416 caim,
1570 2347 1605 2398 ιιι
1633 2335 1798 2399 subiicere
1832 2327 2028 2420 simpliciter
2049 2353 2109 2419 pro
2233 2363 2235 2368 ·

495 2435 616 2502 ditioni
639 2458 721 2500 suae
744 2435 909 2501 subiicere
933 2437 1003 2502 sire
1025 2437 1088 2503 sab
1110 2440 1161 2502 ias
1184 2439 1411 2531 iudiciumque
1431 2461 1529 2502 sarem
1557 2459 1687 2525 capere,
1716 2435 1805 2520 qnod
1828 2458 1901 2522 cap.
1916 2433 1972 2498 22.
1987 2433 2028 2496 dc
2045 2427 2134 2498 uos

495 2537 633 2624 lapibus
656 2539 802 2604 subactis
823 2538 958 2626 legitur,
981 2541 1047 2608 diei
1077 2552 1188 2630 queat.
1210 2579 1251 2592 -
1273 2541 1340 2606 Sed
1370 2563 1483 2604 sumus
1511 2559 1615 2626 aeque
1645 2533 1801 2623 subiecti]
1833 2536 2032 2619 Waicbiua,
2052 2537 2112 2624 qui

493 2640 611 2726 paullo
634 2652 722 2726 ante,
747 2642 781 2706 id
801 2643 889 2732 qnod
916 2645 978 2710 inm
1003 2646 1205 2727 Crevierius,
1228 2644 1461 2713 Laliemandus
1484 2655 1517 2708 et
1540 2641 1745 2727 Doeriogius
1768 2642 1930 2722 fecerunt,
1952 2653 2030 2728 post
2057 2664 2111 2706 su·

493 2763 567 2805 mres
590 2740 815 2827 interrogandi
839 2743 971 2829 signum
995 2747 1120 2832 posuit,
1140 2747 1194 2811 bic
1218 2769 1284 2810 non
1306 2747 1414 2811 minus
1438 2758 1527 2810 recte
1548 2769 1663 2812 samus
1683 2738 1820 2810 mutarit
1840 2743 1873 2808 io
1888 2745 2003 2826 simas,
2020 2743 2112 2833 quod

491 2844 616 2930 recepi.
639 2845 713 2908 ΒΟ.
735 2845 779 2908 Β.
812 2879 850 2890 -
876 2869 935 2908 eur
958 2847 1170 2910 exsecrabilis
1194 2848 1255 2910 ista
1279 2848 1376 2911 nobis
1400 2847 1481 2910 solis
1503 2847 1595 2910 velot
1617 2847 1760 2910 desertio
1780 2847 1861 2910 iuris
1890 2845 2023 2910 bomani
2045 2844 2110 2936 cst]

365 2947 369 2952 '
494 2943 581 3006 Cod.
606 2967 681 3006 aum
703 2943 920 3008 exsecrabilis
939 2947 1003 3008 ista
1025 2947 1119 3010 nobis
1141 2951 1184 3012 sit
1207 2971 1269 3012 car
1288 2950 1505 3014 exsecrabilis
1533 2953 1605 3013 ista·
1619 2950 1714 3012 nobis
1736 2950 1817 3012 sotis
1839 2951 1931 3016 seirat
1958 2951 2110 3018 dissertio

494 3043 581 3106 iaris
604 3042 744 3106 bomani
767 3055 826 3107 est.
874 3045 992 3128 Vides,
1016 3044 1143 3110 librarii
1173 3049 1286 3114 oculos
1311 3049 1489 3114 recurrisse
1517 3051 1558 3112 ad
1581 3051 1829 3138 praecedentiae
1855 3051 1941 3115 idem
1963 3062 1996 3116 ct
2016 3053 2110 3121 nobis

493 3146 549 3214 sit.
597 3143 771 3210 Praeterea
794 3146 903 3210 editor
925 3147 1125 3234 Bipontinus
1148 3162 1181 3213 et
1202 3149 1383 3236 Rupertius
1409 3154 1460 3216 bis
1486 3154 1594 3217 verbis
1618 3153 1769 3240 copulam
1793 3166 1825 3217 et
1855 3155 2106 3238 praemiserunt.

493 3243 564 3312 Sed
585 3245 667 3311 bace
689 3244 811 3332 laeviora
834 3259 929 3312 sunt:
955 3248 1038 3314 iliud
1060 3253 1163 3316 multo
1184 3255 1316 3340 gravius
1339 3268 1402 3335 est,
1416 3256 1506 3344 quod
1531 3256 1564 3319 in
1586 3255 1702 3321 cortice
1723 3279 1788 3320 nnn
1811 3257 1979 3342 vulgatura
2001 3261 2109 3326 deser·

499 3350 559 3427 tio,
583 3347 642 3409 sed
666 3347 820 3412 dissertio
843 3350 976 3436 legitur.
1021 3352 1198 3421 Wnicbins
1221 3358 1354 3444 quidem
1377 3358 1564 3423 Eruendatt.
1589 3359 1663 3423 Liv.
1686 3381 1720 3446 p.
1742 3356 1817 3420 251.
1843 3361 2037 3443 „Desertio‚
2061 3363 2110 3429 in·
2212 3355 2217 3365 ’

495 3448 581 3534 quit,
605 3447 825 3533 metaphorica
847 3449 1101 3538 significatione,
1125 3481 1165 3522 ne
1184 3456 1278 3536 ἅπαξ
1298 3461 1488 3544 λεγομένοις
1503 3460 1721 3543 adscribatur,
1736 3460 1851 3526 iterum
1871 3465 2028 3548 occurrit,
2044 3469 2110 3534 nisi

475 3549 646 3646 ‘faltonia
665 3552 809 3614 secunda
828 3550 991 3618 decade.“
1018 3556 1118 3622 immo
1134 3561 1242 3642 tertio,
1258 3561 1290 3624 in
1308 3585 1371 3649 qua
1389 3575 1493 3628 tnrrren
1509 3565 1627 3630 trustra
1645 3588 1802 3654 quaeres..
1818 3567 1886 3632 Sed
1901 3569 1964 3650 soc,
1978 3570 2041 3637 boc
2056 3594 2110 3638 ro-

494 3651 660 3736 rabulum,
692 3654 783 3741 quod
802 3656 892 3741 apud
915 3657 997 3721 iuris
1021 3658 1161 3726 Romani
1184 3665 1379 3752 interpretes
1402 3667 1517 3732 militis
1545 3669 1722 3734 desertoris
1748 3669 1908 3756 flagitium
1931 3671 2107 3760 significat,

492 3752 616 3818 alicubi
636 3761 871 3843 μεταφορικῶς
895 3762 1059 3846 usurpari,
1082 3763 1123 3826 ab
1146 3765 1209 3828 boc
1232 3778 1319 3830 certe
1341 3767 1415 3831 loco
1438 3769 1579 3833 sticarum
1604 3793 1691 3853 esse,
1715 3793 1810 3836 nemo
1834 3783 1898 3838 tam
1918 3774 2019 3841 hebes
2042 3790 2106 3861 est,

491 3857 575 3944 quia
595 3857 771 3941 intcitigat.
798 3859 928 3926 Etenim
946 3861 1018 3928 Cic.
1036 3887 1097 3952 pro
1115 3866 1248 3933 Coccin.
1266 3892 1339 3956 cap.
1358 3870 1410 3933 35.
1428 3895 1525 3938 sauro
1541 3877 1592 3938 ias
1614 3877 1768 3940 deserere
1792 3878 1835 3938 ita
1851 3876 1982 3960 dicitur,
2007 3893 2042 3944 ut
2064 3883 2108 3950 sit

493 3957 582 4023 idem
606 3957 696 4046 quod
718 3961 793 4024 inere
814 3984 875 4025 sao
898 3965 1057 4031 decedere
1080 3969 1149 4034 sive
1172 3972 1240 4059 aas
1253 3976 1325 4037 sein
1344 3974 1452 4038 Recbt
1475 3975 1635 4038 Veraiedt
1655 3978 1784 4060 mistero,
1801 3977 1941 4066 ideoque
1961 3983 2105 4052 desertio

494 4064 594 4142 iaris,
618 4060 645 4124 si
669 4085 806 4150 usquam
828 4066 1004 4152 legeretur,
1028 4070 1112 4135 nibil
1134 4072 1222 4136 aliod
1246 4073 1433 4160 significare
1454 4089 1579 4162 posset,
1604 4100 1700 4162 qnam
1726 4081 2028 4172 Verziedtieistarrp
2047 4089 2114 4178 auf

493 4163 556 4226 das
577 4162 695 4226 Recbt.
742 4167 808 4230 iarn
831 4193 908 4234 vcro
930 4171 983 4236 bic
999 4173 1171 4262 denegata
1189 4176 1300 4263 potius
1325 4177 1405 4241 iuris
1429 4179 1722 4245 corrrmunicntione
1745 4182 1811 4268 api,
1835 4207 1991 4272 perquam
2014 4214 2104 4278 aper·

492 4275 525 4327 te
548 4263 668 4328 docent
689 4272 937 4352 praecedentiae
963 4277 1065 4363 and
1085 4279 1229 4360 Aetolis,
1248 4281 1340 4374 qaod
1363 4280 1544 4364 Thessalis,
1569 4284 1659 4374 pared
1672 4286 1835 4370 Epirotis,
1852 4291 1942 4354 aaroni
1961 4293 2103 4382 denique
2192 4335 2195 4341 ·

495 4365 664 4434 Graeciae
687 4395 760 4436 cam
784 4377 1029 4447 Macedonibus
1051 4386 1134 4448 iaris
1158 4395 1216 4458 est,
1243 4386 1329 4448 idem
1349 4398 1383 4449 et
1401 4389 1496 4452 anobis
1515 4389 1569 4450 sit.
1615 4389 1728 4472 Atque
1750 4389 1832 4454 banc
1847 4391 1951 4477 ipsam
1973 4391 2015 4454 ob
2031 4416 2104 4458 oau-

378 4543 387 4558 ,
492 4491 575 4553 sam,
598 4497 699 4558 quum
724 4474 785 4541 iarn
810 4477 842 4542 in
867 4481 988 4546 nrainrc
1009 4485 1097 4549 Livii
1121 4485 1266 4550 cditionc
1289 4488 1422 4551 disertio
1446 4511 1506 4575 pro
1529 4489 1672 4553 desertio
1693 4491 1914 4582 scripsissem,
1931 4493 1964 4555 in
1979 4492 2105 4560 minore

492 4573 669 4658 dissertio,
698 4581 788 4665 qnod
818 4584 851 4646 in
884 4584 997 4650 codice
1031 4587 1169 4674 legitur,
1199 4587 1248 4654 itti
1278 4588 1545 4655 substituendum
1575 4615 1648 4656 csse
1679 4595 1883 4677 existimavi3
1912 4597 2104 4682 praesertim

492 4698 594 4764 quum
617 4677 779 4746 adiectum
801 4687 904 4770 neiat,
924 4688 1120 4756 vocabulum
1143 4691 1231 4756 baud
1246 4691 1381 4780 volgare
1400 4705 1434 4758 ct
1454 4694 1560 4759 rarius
1580 4693 1676 4762 etiam
1700 4721 1797 4788 quam
1819 4701 1991 4765 desertior
2008 4701 2105 4770 Livio
