4814 5970
484 641 560 716 ¹22

483 805 591 898 asapia
616 803 653 871 iss
674 799 754 884 boc,
783 821 832 866 se.
866 794 1056 886 triumpho,
1084 799 1300 887 uniuersique
1325 796 1445 884 papuli
1470 797 1616 864 ltossoui
1635 794 1731 884 [arao
1755 797 1881 884 apitur.
1926 793 2103 886 Weissen-

484 905 622 974 bornius
644 903 752 968 Lectt.
775 898 850 965 Lir.
871 899 964 964 Part.
989 898 1036 964 ll.
1060 921 1093 987 p.
1117 899 1148 962 i.
1173 923 1226 987 sq.
1253 898 1414 966 Gronovii
1436 912 1469 966 et
1489 897 1691 985 Heusingeri
1714 897 1914 964 coniecturis
1938 910 2027 965 recte
2047 900 2105 966 iur-

474 1009 655 1104 'probatiss
679 1007 809 1094 „Solus
822 1004 1052 1092 Kreyssigius,
1074 1004 1195 1092 inquit,
1213 1027 1295 1093 qnae
1310 1004 1354 1069 sit
1374 1003 1609 1068 sententiarum
1628 1001 1713 1066 ratio
1729 999 1858 1066 videtur
1878 1002 2103 1090 perspexisse.

484 1113 521 1182 ls
543 1111 630 1180 euim
650 1108 805 1200 scripsita
829 1133 898 1175 uoss
918 1111 1017 1174 uuius
1039 1111 1074 1174 iu
1097 1109 1158 1174 lroc
1177 1111 1307 1191 Paulli,
1333 1133 1413 1198 quo,
1437 1109 1471 1174 ui
1493 1109 1604 1189 lallor,
1626 1105 1815 1193 siguificare
1829 1106 1948 1193 voluit,
1964 1108 2000 1174 id
2014 1107 2103 1196 quod

483 1215 695 1284 verissimum
726 1226 797 1297 est,
826 1212 1028 1302 respondere
1056 1213 1108 1278 bis
1139 1214 1249 1279 serbis
1279 1236 1363 1303 qnae
1394 1211 1480 1276 iolra
1514 1220 1717 1298 sequunturr
1745 1210 1887 1276 militum
1908 1213 2015 1302 mopia
2038 1220 2102 1278 etc.

485 1321 572 1390 Cum
595 1318 682 1386 euim
704 1317 815 1384 verbis
837 1341 905 1384 uou
926 1319 1025 1384 unius
1048 1317 1110 1384 lsoo
1125 1319 1244 1385 Paulli
1264 1317 1485 1408 significasset
1508 1314 1613 1402 magis
1635 1337 1732 1404 quam
1756 1328 1868 1404 aperte
1890 1317 2102 1406 explicasset,

485 1445 555 1494 uon
577 1422 676 1488 unius
698 1418 809 1486 Paulli
832 1420 1014 1503 interesse,
1043 1431 1080 1486 ut
1111 1419 1297 1508 triumphus
1328 1417 1391 1484 sibi
1416 1415 1672 1498 concederetur,
1696 1416 1940 1482 vehementiore
1962 1416 2103 1506 qnodaua

485 1525 613 1616 impetu
633 1533 829 1604 commotus,
850 1519 959 1588 statim
984 1544 1042 1587 cnr
1065 1521 1110 1586 ita
1134 1533 1305 1604 statueret,
1329 1532 1363 1585 et
1383 1517 1539 1585 liberiore
1562 1517 1695 1606 quidem
1716 1520 1963 1588 constructione
1987 1542 2102 1588 causas

486 1629 620 1697 adiecit.
657 1627 731 1694 Hoc
751 1625 838 1692 enim
861 1623 959 1690 dicits
983 1625 1013 1689 si
1037 1623 1135 1690 unius
1157 1623 1266 1689 Paulli
1289 1622 1462 1688 interesset
1486 1619 1699 1708 triumphare,
1724 1633 1839 1686 senatu
1863 1621 2101 1704 intercedente,

486 1731 521 1798 id
544 1729 636 1821 quod
662 1728 757 1796 multi
777 1726 933 1807 iecerint,
955 1726 988 1790 iu
1012 1737 1122 1791 monte
1145 1725 1278 1790 Albano
1309 1723 1510 1812 triumpbnm
1539 1746 1637 1810 agere
1661 1747 1781 1811 posse,
1805 1726 1863 1790 sed
1887 1736 2006 1792 tautam
2029 1729 2104 1790 esse

486 1831 671 1918 victoriam,
687 1842 731 1899 ,ut
752 1841 886 1897 senatus
908 1828 1074 1916 denegare
1097 1852 1162 1894 uon
1186 1830 1294 1918 possit
1316 1830 1540 1916 triumphum
1570 1839 1694 1893 tantum
1717 1829 1820 1898 virum
1846 1832 2043 1914 Aemilium,
2068 1841 2103 1896 ut

487 1933 585 2001 facile
607 1931 665 1999 illo
686 1931 810 1996 bonore
832 1938 960 1993 careatr
985 1928 1096 2017 itaque
1115 1932 1231 2021 populi
1253 1942 1286 1997 et
1306 1929 1446 1994 militum
1469 1929 1575 2017 magis
1599 1931 1758 1997 iuteresse
1779 1935 1992 2022 triumphari,
2014 1932 2103 2022 quod

485 2034 542 2120 iis,
566 2057 651 2126 quae
675 2034 832 2121 deinceps
853 2043 1049 2119 sequnntur,
1071 2057 1131 2122 per
1146 2047 1255 2122 partes
1278 2029 1433 2122 explicat.
1479 2033 1592 2120 Atque
1614 2031 1772 2098 credibile
1797 2045 1848 2100 est
1870 2035 2001 2100 Livium
2028 2059 2103 2101 cum

485 2138 544 2206 illa
563 2135 739 2204 scriberctr
768 2158 838 2200 rsou
858 2135 959 2201 uarius
982 2134 1045 2200 lsoc
1065 2135 1201 2220 Paulli,
1231 2132 1376 2202 valuisse
1405 2160 1443 2202 ea
1472 2159 1556 2224 quae
1579 2141 1797 2226 sequerentur
1816 2137 1861 2202 ita
1883 2139 2100 2221 conformare,

485 2252 525 2309 ut
550 2249 770 2328 congruerent
799 2259 874 2303 cnm
902 2236 1192 2318 antecedentibus,
1221 2239 1291 2304 aed·
1311 2241 1463 2330 pluribus
1492 2242 1697 2331 interpositis
1724 2242 1875 2329 neglecta
1899 2241 2101 2308 adversativa

485 2347 648 2437 particula
671 2366 756 2432 quae
777 2341 948 2430 negativae
967 2340 1196 2429 responderet,
1214 2343 1316 2408 solam
1336 2344 1490 2431 posuisse
1512 2345 1779 2432 comparativam,
1798 2357 1832 2412 et
1851 2345 1966 2412 ultima
1981 2346 2099 2412 rerbas

487 2449 629 2518 militum
649 2449 756 2537 asapia
779 2459 842 2512 etc.
863 2445 905 2510 ad
926 2443 1017 2511 aliud
1040 2444 1174 2514 verbum
1193 2455 1293 2534 atque
1315 2445 1409 2512 initio
1433 2459 1611 2531 statuerat,
1639 2449 1917 2515 accommodasse.
1970 2449 2103 2534 Quodsi

486 2552 814 2644 igitnrlireyssigius
837 2573 948 2618 vocem
972 2551 1060 2616 inin
1083 2550 1198 2618 codice
1214 2551 1352 2634 invenit,
1374 2561 1463 2615 recte
1486 2549 1577 2631 lecit,
1601 2549 1692 2638 quod
1714 2573 1784 2615 eam
1800 2551 1952 2617 exsulare
1973 2551 2103 2632 noluitt

487 2662 541 2728 eiu
564 2657 686 2739 miuus,
710 2655 806 2722 facile
828 2655 889 2720 boc
912 2653 1134 2721 additamento
1157 2654 1359 2734 carebimus,
1383 2651 1474 2739 quod
1497 2651 1537 2716 ad
1556 2652 1792 2718 sententiarum
1815 2653 1975 2720 rationem
1999 2655 2101 2743 expli·

467 2763 622 2834 ·candam
644 2783 711 2826 nou
739 2757 961 2845 requiritur.“
1006 2755 1209 2824 Maeoticis
1232 2755 1417 2821 auctoritati
1440 2756 1633 2822 obsecutum
1659 2778 1755 2841 esse,
1779 2781 1867 2824 nunc
1888 2772 2037 2848 apparet.
2059 2795 2102 2812 -

485 2889 585 2956 quam
615 2863 697 2946 illis,
719 2863 777 2952 qui
801 2872 877 2950 post
899 2883 956 2926 eoa
972 2859 1269 2949 triumphaverunt]
1287 2861 1371 2927 Cod.
1389 2887 1490 2958 quum
1514 2863 1569 2928 illi
1591 2867 1651 2958 qui
1674 2865 1977 2951 trirsmplrnueruut.
2019 2867 2100 2932 Pro·

484 2981 596 3061 pterea
610 2967 779 3033 Beklrerus
796 2963 917 3028 cdiditz
933 2987 1034 3056 puum
1050 2965 1209 3057 illisqui.
1225 3009 1255 3028 ..
1273 2964 1575 3050 triumphaverunt.
1589 3001 1633 3014 -
1643 2962 1995 3054 liartbagiuieusibus]
2013 2970 2097 3035 Cod.

485 3073 873 3165 cortlrupiuieusibusque
894 3077 927 3132 ct
948 3068 1194 3133 macedonibus.
1240 3069 1315 3136 lloc
1338 3069 1370 3134 iu
1395 3071 1494 3135 altcra
1517 3069 1605 3135 Livii
1628 3069 1773 3136 editione
1795 3095 1861 3138 non
1885 3075 2100 3146 omittendum

482 3175 612 3269 putari,
636 3171 800 3258 simulque
823 3167 935 3256 paullo
959 3180 1033 3234 aute
1055 3180 1088 3234 et
1111 3170 1222 3258 paullo
1244 3184 1321 3259 post
1342 3175 1440 3239 rerba
1463 3197 1524 3239 uec
1546 3176 1588 3238 de
1609 3173 1766 3262 Philippo
1789 3185 1822 3240 et
1844 3199 1906 3242 uec
1932 3179 1968 3242 T.
1996 3179 2100 3266 Quiu-

484 3285 569 3350 ctissa
590 3275 685 3343 uncia
704 3271 832 3340 inclusa
852 3271 978 3337 mediae
998 3271 1138 3338 orationi
1160 3273 1356 3361 interposui.
1378 3271 1610 3359 Quam'rectc,
1635 3275 1691 3340 alii
1712 3275 1868 3342 viderint.

570 3409 655 3497 Cap.
675 3403 845 3472 XXXlX.
870 3427 972 3493 quom
1000 3404 1040 3470 de
1069 3403 1121 3469 bis
1152 3405 1386 3494 triumphatum
1417 3405 1482 3496 est]
1507 3407 1571 3474 llic
1600 3431 1734 3497 qnoque
1756 3409 1796 3475 dc
1825 3413 1865 3478 iis
1888 3411 2098 3480 scribendum

482 3512 625 3582 videtur.
650 3546 689 3560 -
711 3509 787 3575 doci
807 3507 841 3574 iu
864 3509 1065 3597 triumphurn
1087 3509 1256 3594 mavultis]
1277 3509 1361 3577 Cod.
1378 3512 1458 3578 duci
1479 3516 1513 3578 iu
1529 3512 1695 3604 triumpho
1713 3515 1882 3581 mauoltis.
1928 3516 2100 3606 Grynaeus

481 3617 587 3705 igitur
608 3638 670 3705 pro
693 3617 728 3680 iu
747 3611 929 3701 triumplu,
946 3609 1037 3700 quod
1058 3609 1121 3676 iam
1148 3611 1282 3680 Dulrero
1306 3615 1459 3680 usitatius
1482 3629 1532 3680 eet
1553 3616 1673 3699 risum,
1697 3627 1819 3684 temere
1840 3621 1874 3683 iu
1897 3621 2100 3710 triumphum

482 3720 630 3810 scripsit.
649 3718 724 3788 Bc.
748 3719 791 3784 Β.
834 3714 928 3782 Idem
949 3737 1039 3780 error
1058 3713 1141 3781 inira
1165 3716 1206 3781 ad
1228 3743 1302 3808 cap.
1325 3719 1377 3785 43.
1396 3721 1574 3788 notabitur.
1589 3759 1631 3774 —
1650 3721 1742 3806 Quid
1766 3721 1848 3788 illud
1872 3727 2098 3812 spectaculum

480 3825 673 3899 maximum]
697 3817 1000 3905 lntespnuctionem
1024 3816 1197 3884 verborum
1222 3821 1400 3890 Biittnerus
1424 3823 1613 3890 Observrtt.
1637 3824 1714 3890 Lis.
1730 3849 1765 3914 p.
1784 3823 1857 3892 119.
1880 3840 1969 3896 recte
1991 3852 2100 3896 emen·

482 3927 582 3996 davit.
605 3923 681 3994 BC.
700 3924 744 3992 Β.
765 3957 808 3972 -
830 3919 980 3985 debetur.
1024 3919 1143 3986 Utrum
1165 3924 1305 3989 maiores
1326 3925 1444 4011 vestri]
1468 3925 1561 3992 llaec
1587 3927 1777 3995 Gronovius
1810 3931 2024 4020 probabiliter
2053 3935 2098 4000 ita

481 4030 646 4112 correxit,
675 4036 711 4092 ut
739 4023 918 4092 scriberetr
949 4024 1091 4091 debetur
1120 4027 1317 4108 triumphus.
1348 4031 1498 4096 Maiores
1524 4035 1630 4097 uestri
1656 4044 1719 4099 etc.
1751 4033 1824 4100 Bc.
1849 4037 1892 4102 Β.
1937 4035 2099 4106 Similiter

482 4157 581 4221 supra
605 4155 679 4220 cap.
703 4129 756 4195 13.
776 4128 976 4196 utrumuiris
997 4145 1058 4215 pro
1082 4132 1267 4195 triumuiris
1288 4131 1321 4194 in
1346 4131 1460 4196 codice
1482 4132 1616 4220 legitur.
1640 4171 1684 4186 -·
1706 4147 1740 4202 et
1761 4136 1857 4203 linem
1881 4161 1956 4206 eum
1979 4153 2098 4210 statue·

480 4231 573 4325 runt]
597 4234 678 4300 Cod.
701 4247 736 4299 et
754 4231 855 4320 fiuem
875 4240 1079 4312 statuerunt,
1102 4231 1225 4298 omisso
1245 4259 1332 4299 eum.
1377 4233 1565 4300 Pronomen
1590 4261 1607 4301 a
1632 4237 1784 4326 Grpnaeo
1815 4263 1881 4306 nou
1912 4242 2027 4310 idonea
2057 4245 2099 4313 de

479 4363 579 4407 causa
606 4337 765 4404 insertum
785 4334 904 4402 deleri.
924 4333 999 4402 ΒΟ.
1022 4335 1066 4400 Β.
1114 4333 1269 4400 Ceterum
1291 4336 1406 4402 verbar
1431 4339 1546 4403 exorsi
1571 4337 1612 4403 ab
1638 4341 1701 4407 diis
1730 4352 1827 4426 suut,
1854 4367 1940 4433 quae
1969 4369 2100 4435 praece·

480 4441 576 4526 dunt,
597 4438 750 4505 librarius
773 4438 817 4502 ita
840 4438 1000 4525 corrupit,
1022 4451 1058 4503 ut
1081 4439 1261 4505 scriberet:
1285 4453 1318 4506 et
1338 4439 1380 4504 ol
1401 4443 1433 4505 si
1461 4442 1508 4505 od
1536 4442 1661 4522 discut,
1693 4442 1726 4506 in
1760 4444 1882 4531 quibus
1910 4447 1967 4512 illa
1995 4449 2097 4512 latere

477 4541 651 4630 Gryuaeus
672 4540 861 4608 acutissime
880 4538 1061 4628 perspexit.
1080 4573 1120 4592 -
1139 4541 1306 4627 paludatis
1321 4541 1509 4626 lictoribus]
1531 4543 1597 4609 llic
1619 4566 1756 4634 quoque
1777 4559 1911 4613 auctore
1927 4547 2095 4618 Gronovio

475 4645 658 4736 paludatus
679 4666 754 4711 curu
772 4643 947 4710 lictoribus
969 4642 1101 4731 scripsi.
1121 4641 1198 4712 Bc.
1220 4646 1265 4711 Β.
1311 4644 1402 4712 ldem
1422 4645 1485 4710 iam
1504 4644 1711 4735 Doeringins
1731 4649 1869 4736 recepit.
1915 4648 2098 4738 Vidquae

478 4753 519 4820 ad
539 4749 635 4835 XLI,
660 4748 712 4816 10.
734 4747 898 4814 annotavi.
943 4745 1061 4815 Paullo
1084 4759 1162 4833 post
1182 4771 1248 4814 nou
1266 4749 1348 4832 dies,
1368 4747 1460 4839 quod
1483 4748 1516 4814 ia
1542 4747 1670 4815 codicis
1690 4749 1867 4817 collatione
1884 4749 2021 4836 legitur,
2037 4751 2095 4818 aad
2161 4745 2163 4752 ’
